2970 4808
501 326 504 331 -
526 310 532 320 ⁸
615 287 693 371 cap.
717 287 810 354 XVJ·
1205 290 1248 353 93

156 440 275 516 sthene
301 404 555 516 Sacerdos'iste
584 437 717 548 Nicetes
743 457 775 515 et
809 441 840 516 si
863 439 1051 543 quisalius
1074 439 1248 544 Ephesum

154 611 224 671 Put.
245 631 328 691 seqq.
361 610 473 670 Graius
495 610 590 671 forma
617 630 681 669 rara
706 611 783 691 apud
810 611 972 695 scriptores
1000 631 1105 672 aureae
1131 610 1267 688 aetatis,t

155 692 297 772 frequens
314 704 360 752 est
378 694 453 773 apud
469 705 569 773 poetas
591 689 654 774 (vd.
669 691 768 751 Burm.
789 692 824 752 ad
843 688 966 752 Anthol.
974 692 1035 752 Lat.
1044 694 1079 752 T.
1089 695 1109 752 1.
1121 716 1149 774 p.
1158 691 1245 775 585.)
1261 684 1265 697 '

156 785 188 835 et
209 773 308 854 script.
326 786 436 854 poster.
451 776 525 833 Hor.
542 777 607 833 Art.
623 784 702 856 poet.
718 796 746 833 v.
761 779 830 837 323.
845 772 907 835 Cic.
921 774 957 834 N.
966 774 1011 832 ῗΙ).
1029 776 1079 850 ΙΙΙ,
1100 780 1149 835 21.
1169 776 1245 857 Rep.

157 857 193 929 ΙΙ,
217 853 246 916 4.
266 855 337 934 ibiq.
359 856 435 914 Mos.
471 855 582 916 Ochsn.
611 855 646 914 ad
668 847 731 915 'cie
760 853 863 936 Eciog.
891 877 919 937 p.
943 861 1013 915 310.
1052 854 1144 917 Corn.
1168 855 1244 937 Nep.

155 934 248 1019 praei.
269 943 298 997 3.
319 935 389 1017 ibiq.
410 939 507 996 Brem.
525 947 555 997 et
570 934 683 997 Daebn.
702 935 860 997 Dedericli.
882 937 919 997 ad
935 936 1015 1012 Dict.
1035 934 1116 1001 Cret.
1138 939 1244 1014 11,42.

239 1044 271 1094 nt
290 1035 405 1109 lougius
425 1035 503 1093 absit
522 1035 560 1094 ab
580 1033 727 1095 Aeschine
748 1044 778 1093 et
799 1030 1012 1114 Demosthene]
1039 1035 1170 1095 ,abiisset
1191 1056 1244 1095 su.
1326 1089 1332 1101 ,Α

153 1135 264 1196 persor.
279 1115 310 1175 in
326 1114 400 1177 Cod.
415 1117 500 1176 Farn.
518 1117 595 1176 absit
611 1114 705 1176 Codd.
725 1116 789 1177 Par.
805 1115 893 1175 Vind.
911 1115 985 1175 Edd.
1004 1116 1065 1175 Pro
1082 1116 1244 1177 Aeschines

157 1208 187 1257 et
206 1198 418 1258 Demosthenes
432 1196 461 1257 in
478 1195 571 1258 Codd.
587 1200 652 1258 Par.
674 1197 761 1257 Vind.
783 1197 857 1257 Edd.
874 1195 952 1277 Spir.
971 1197 1038 1256 Put.
1055 1198 1123 1256 Ber.
1145 1196 1242 1258 Rhen.

155 1276 187 1336 in
208 1276 360 1362 Castigatt.
380 1282 499 1360 p.‘446.
537 1280 680 1340 Aeschine
701 1300 737 1338 ac
751 1279 947 1339 Demosthene
963 1278 1140 1359 proposuit,
1161 1276 1242 1361 Lips.

155 1360 299 1424 Aeschine
319 1371 347 1420 et
357 1361 553 1421 Demosthene
569 1373 678 1442 recept.
696 1360 731 1420 ab
748 1359 857 1420 omnib.
873 1360 947 1419 Edd.
985 1359 1099 1419 Oreliio
1113 1372 1194 1421 recte
1209 1361 1242 1427 in

155 1454 268 1502 annott.
280 1442 424 1523 probatur
438 1443 476 1501 ab
492 1442 638 1502 Aeschine
653 1454 681 1501 et
696 1442 891 1502 Demosthene
905 1440 936 1500 in
951 1461 1040 1529 marg.
1050 1442 1103 1501 Ed.
1114 1442 1241 1518 Franci,

158 1524 238 1604 quod
266 1524 343 1584 bona
370 1523 510 1584 Latinitas
532 1523 657 1603 requirit
684 1534 714 1581 et
744 1524 810 1603 quia
829 1523 908 1582 inter
931 1522 1014 1595 ¹absit
1042 1534 1072 1581 et
1097 1522 1247 1596 Aeschine

154 1604 238 1689 iaciie
259 1606 297 1664 ab
314 1606 447 1665 excidere
463 1617 587 1686 poterat.
631 1604 679 1689 Sic
695 1604 769 1665 Dial.
786 1611 835 1664 23.
849 1625 939 1686 prope
955 1603 1039 1662 abest
1053 1603 1093 1661 ab
1115 1601 1240 1682 irfirnri-
1275 1591 1283 1639 ¹¹

157 1682 240 1746 tates
269 1684 362 1747 Hand.
382 1689 470 1746 Turs.
491 1685 558 1747 Vol.
580 1687 600 1745 Ι.
622 1709 649 1768 p.
672 1692 720 1745 38.
742 1692 790 1747 62.
811 1698 969 1767 praeeunte
984 1684 1119 1772 'Seyicrt
1138 1686 1240 1746 Gram.
1267 1650 1277 1747 i

154 1767 217 1827 Lat.
235 1766 270 1827 T.
293 1769 342 1827 iV.
362 1790 391 1848 p.
415 1773 481 1827 181.
502 1767 651 1843 observat,
672 1767 770 1828 verbis
789 1769 902 1840 abesse,
925 1766 1120 1840 abalienare,
1143 1766 1240 1825 obdu·
1265 1752 1270 1821 1

155 1870 241 1924 cere,
269 1850 435 1909 absterrere
463 1871 579 1931 semper
606 1850 743 1932 componi
770 1844 1038 1931 praepositionem,
1075 1847 1127 1907 ubi
1156 1848 1241 1929 sepa-
1454 1886 1469 1909 .·

154 1930 231 1990 ratio
252 1930 299 1991 rel
327 1930 454 1991 remotio
476 1931 528 1990 fiat
554 1931 680 1992 erebus
708 1931 859 2008 animatis,
891 1950 977 2010 saepe
1006 1928 1120 2003 omitti,
1150 1929 1202 1989 ubi
1222 1950 1239 1990 3
1261 1904 1426 2037 ‘facts-t,
1466 1966 1481 1985 ι.

153 2011 244 2073 rebus
265 2010 427 2072 inanimatis
447 2012 515 2072 fiat:
544 2013 646 2073 abesse
669 2014 796 2094 publicis
821 2013 947 2073 consiliis
974 2010 1037 2071 Liv.
1058 2012 1168 2086 XXVl,
1190 1994 1262 2071 13.ι

154 2094 295 2154 seditione
304 2096 382 2168 ΙΙΙΙΙ,
392 2100 440 2153 32.
460 2092 554 2174 officio
574 2092 634 2156 Cic.
651 2095 686 2155 de
706 2094 794 2157 offic.
816 2096 838 2170 1,
861 2097 907 2156 14.
924 2090 1052 2174 (Beier.)
1074 2094 1145 2153 nrbe
1162 2093 1238 2174 Epp.

155 2176 192 2235 ad
212 2176 290 2234 Fam.
312 2177 349 2248 V,
373 2180 437 2251 15„
466 2176 517 2236 scd
545 2177 629 2236 Brut.
654 2183 704 2251 62,
726 2183 796 2237 222.
838 2177 967 2236 Multum
988 2174 1027 2235 ab
1055 2175 1104 2234 his
1131 2175 1240 2234 aberat

155 2257 192 2316 L.
218 2254 318 2336 Taſsus
336 2256 355 2315 i.
376 2278 401 2316 3.
422 2256 516 2317 multo
536 2257 662 2318 inferior
684 2270 746 2318 erat
765 2258 820 2318 his.
861 2257 1035 2316 Tenendum
1055 2267 1162 2330 autern,
1185 2254 1239 2317 ci-

156 2336 503 2419 ceronemplerumqne,
533 2339 659 2416 Quintil.
687 2361 803 2419 semper
829 2336 892 2399 sive
920 2338 958 2398 de
985 2336 1237 2399 rebusanimatis

155 2419 218 2480 sire
235 2418 397 2480 inanimatis
418 2419 582 2500 loquuntur
602 2422 703 2481 obesse
724 2441 902 2503 componere
924 2440 948 2480 c.
969 2417 1127 2501 praeposit.
1147 2440 1168 2477 a
1189 2419 1238 2480 ud.

155 2499 237 2563 Clau.
259 2500 352 2563 Cicer.
373 2513 404 2561 et
422 2503 537 2562 Boneii.
560 2504 631 2563 Lex.
653 2502 759 2578 Quint.
775 2526 798 2562 s.
812 2526 840 2563 v.
861 2501 898 2562 ci.
915 2502 1114 2561 destructura
1133 2498 1236 2561 rerbb.

155 2583 309 2663 composit.
330 2605 354 2643 c.
373 2584 531 2665 praeposit.
546 2585 657 2667 Reisig.
679 2584 795 2645 Vories.
816 2583 844 2667 5
864 2587 934 2644 419.
950 2582 1036 2641 Haas.
1050 2592 1149 2641 annot.
1165 2586 1237 2642 stt.

152 2664 346 2725 1133331303.
367 2666 395 2747 5.
420 2670 486 2725 142.
505 2673 532 2725 8.
554 2673 582 2726 6.
610 2666 727 2749 (verbb.
749 2686 881 2748 compos.
903 2687 927 2726 c.
948 2682 1098 2745 praeposs.
1119 2682 1157 2737 u,
1188 2664 1235 2737 de,

155 2744 216 2824 ecc).
246 2744 333 2806 Bach.
353 2747 475 2806 abiisset
493 2748 615 2829 recepit,
635 2770 726 2828 quum
747 2749 831 2825 abire
845 2747 884 2807 ab
904 2748 1004 2829 aliqua
1017 2765 1050 2803 re
1070 2744 1117 2805 vei
1134 2747 1237 2827 aliqua

154 2846 188 2885 re
209 2824 284 2886 idem
306 2826 399 2886 valeat
418 2828 498 2907 quod
519 2829 682 2904 discedere,
713 2830 864 2902 recedere,
893 2839 929 2887 ut
950 2829 1028 2886 Anu.
1048 2828 1100 2902 Vl,
1122 2833 1171 2886 22.
1198 2845 1235 2885 ne

152 2928 226 2967 rrunc
244 2912 356 2989 incepto
376 2910 490 2985 longius
512 2911 654 2988 abierim,
676 2923 706 2972 et
729 2910 856 2993 plusqpf.
877 2910 1034 2981 abiissem,
1060 2907 1140 2986 quod
1159 2928 1234 2987 pen-

155 2989 220 3049 deat
240 2990 275 3050 ab
297 2990 379 3049 infin.
399 2988 556 3068 accidisse,
579 2992 645 3054 ideo
666 3005 811 3075 ponatur,
833 2990 900 3073 qnia
916 2988 1051 3050 Messalla
1070 2987 1234 3069 exprimere

153 3070 282 3131 soluerit
303 3092 339 3132 eo
357 3072 423 3153 ipso
444 3085 594 3170 tempore,
615 3095 675 3155 qno
696 3075 851 3154 loquatur,
874 3073 964 3133 istum
983 3071 1115 3131 Nicetem
1134 3080 1235 3129 tanto-
1329 3114 1341 3127 .

134 3173 223 3232 pere
243 3153 298 3212 iam
318 3159 470 3214 recessisse
490 3178 553 3215 sure
576 3168 721 3217 remotum
742 3156 833 3216 fuisse
850 3154 885 3214 ab
904 3152 1055 3223 Aeschine
1075 3161 1105 3210 et
1120 3152 1233 3211 Demo-

153 3233 266 3293 sthene.
288 3235 344 3293 Vd.
368 3235 489 3296 Walch.
507 3238 543 3297 ad
564 3238 664 3322 Agris.
685 3244 713 3298 6.
734 3249 808 3319 extr.
836 3236 882 3295 De
902 3232 1051 3296 Aeschine
1073 3227 1233 3293 31113333-

152 3312 259 3374 sthene
281 3315 317 3373 ci.
336 3315 412 3377 Dial.
432 3320 481 3376 25.
909 3310 916 3320 “

158 3406 164 3411 ’
237 3396 383 3455 Sacerdos
408 3401 463 3456 iste
488 3397 616 3478 Nicetes]
641 3400 780 3461 sacerdos
806 3403 861 3458 iste
888 3398 978 3456 enitet
996 3391 1089 3456 Codd.
1112 3405 1142 3455 et
1160 3405 1233 3456 vett.
1339 3441 1345 3455 .

150 3474 227 3535 Edd.
247 3477 406 3537 Dosithens
426 3479 559 3540 Rhenau.
580 3480 611 3542 in
631 3478 782 3564 Castigatt.
804 3480 823 3540 Ι.
844 3479 862 3540 i.
883 3477 1030 3537 Sacerdos
1044 3481 1099 3536 iste
1115 3477 1232 3538 Nicetes
1334 3493 1336 3496 ’

152 3577 189 3617 cx
212 3559 324 3618 emend.
344 3559 423 3641 Lips.
444 3560 476 3620 iu
495 3561 575 3623 Lect.
596 3563 684 3642 antiq.
704 3566 727 3638 Ι,
751 3569 797 3623 16.
824 3561 858 3621 ab
886 3558 965 3619 Edd.'
976 3579 1061 3638 seqq.
1081 3569 1232 3638 receptum

153 3649 208 3698 est.
250 3639 319 3699 Fuit
347 3643 546 3725 Smyrnaeus,
576 3665 663 3722 quem
689 3644 800 3724 pariter
828 3657 860 3704 ac
882 3640 1098 3717 Quintilianum
1118 3640 1234 3701 Plinius

152 3720 306 3780 Secundus
327 3721 417 3804 (Epp.
436 3725 488 3797 Vi,
509 3722 552 3805 6.)
574 3725 686 3785 Romae
702 3722 914 3804 frequentabat,
933 3718 1038 3782 rhetor
1058 3733 1087 3781 et
1101 3721 1233 3803 sophista

152 3800 223 3861 satis
245 3802 359 3878 clarus,
388 3804 441 3865 sed
461 3806 712 3887 generedicendi
731 3805 833 3866 inflato
853 3818 884 3867 et
904 3802 1117 3887 dithyrambico
1140 3822 1159 3864 a
1179 3824 1232 3863 ve-

151 3892 215 3942 tere
230 3882 397 3964 eloquentia
412 3885 533 3947 alienus.
573 3889 747 3971 Fragmenta
761 3889 824 3949 eius
838 3898 954 3949 exstant
967 3887 1068 3947 Senes.
1087 3883 1231 3947 Controv.

152 3966 177 4039 1,
191 3969 219 4022 5.
241 3986 270 4046 p.
287 3972 354 4026 108.
370 3972 398 4024 r.
419 3990 447 4048 p.
465 3971 531 4028 134.
546 3975 574 4028 3.
594 3992 622 4051 p.
643 3976 710 4030 130.
730 3974 779 4031 tv.
798 3975 845 4031 25.
866 3993 894 4052 p.
910 3975 969 4030 333
986 3989 1029 4048 sq.
1051 3973 1099 4028 aa.
1117 3990 1145 4049 p.
1161 3972 1231 4029 ase.

151 4048 203 4118 vl,
223 4051 272 4106 ss.
294 4070 322 4129 p.
339 4053 408 4107 333.
430 4054 479 4109 33.
520 4094 527 4108 .
551 4055 619 4112 aas.
643 4056 693 4112 at.
718 4075 746 4133 p.
768 4058 836 4115 333.
856 4052 922 4149 Rip.
941 4051 989 4110 vt.
1011 4050 1150 4129 rhetora.
1169 4048 1229 4110 vit.
1284 4099 1288 4105 ,

151 4125 243 4209 Soph.
263 4133 288 4205 l,
312 4133 359 4190 19.
379 4129 469 4272 Kaqps.
490 4133 656 4194 Wcsterm.
679 4133 788 4195 Geseh.
811 4134 838 4195 d.
861 4133 970 4218 gnech.
986 4133 1120 4192 Beredts.
1135 4131 1164 4218 5.
1180 4137 1231 4207 86,

225 4214 304 4273 etsi
316 4212 381 4294 quis
437 4213 482 4292 ns]
500 4213 581 4276 Haec
599 4214 726 4278 formula
745 4238 763 4278 3
778 4215 899 4280 Graecis
913 4214 1067 4297 desumpta
1080 4214 1141 4296 (eet
1153 4222 1181 4277 u
1192 4234 1231 4282 us
