2928 4810
283 281 348 339 tut
407 330 411 337 .
495 224 498 231 Ι
619 250 776 355 Dialogus
795 274 833 334 de
856 247 1041 335 Oiatardius
1116 240 1118 247 Ι

270 431 331 508 liti
362 430 428 504 siut
456 426 567 501 dixisti
602 426 891 526 differentiamque
914 442 1045 509 nostrae
1068 426 1216 501 desidiae
1241 442 1275 501 et
1299 428 1365 501 in-

283 531 438 609 scientiae
462 528 620 601 adversus
646 527 803 598 acerrima
827 544 859 598 et
882 527 1372 601 secundissimaseorum'stuw

284 628 338 705 dia
354 628 603 714 eleardustrasti':
627 637 733 698 cetera
755 643 918 727 exspecto,
944 643 991 714 ut,
1015 627 1295 726 quemadmodum
1313 648 1364 700 ex
1439 676 1440 699 t

284 748 320 805 te
341 729 461 814 didici,
496 726 578 826 quid
604 742 662 797 aut
689 725 736 799 ilii
761 726 885 800 seirint.
904 743 959 799 aut
984 754 1046 799 nus
1071 728 1273 813 nesciamus,
1307 726 1362 800 ita
1439 750 1440 755 ’

207 918 211 926 .
283 822 348 903 buc
376 855 508 928 quaque
543 848 759 922 cognoscam,
791 826 914 942 quibos
941 827 1228 900 exercitationibus
1259 828 1360 900 iure·

282 950 382 1038 renes
407 928 473 999 ium
498 928 606 1000 iorum
631 925 814 1023 ingressuri
837 925 1030 1000 confirmare
1052 943 1083 999 et
1108 927 1194 1001 alere
1215 927 1360 1025 ingenia

61 494 73 551 t

284 1095 542 1159 mutaticom.
564 1107 593 1156 et
614 1096 739 1166 Osann.;
760 1099 819 1154 sint
838 1116 873 1155 ex
894 1086 989 1157 l'cbert.¹
1009 1098 1149 1158 emendat.
1172 1097 1244 1158 Edd.
1258 1119 1358 1194 seqq„

286 1181 366 1262 quod
386 1181 537 1242 confirmat
557 1176 632 1243 cot..
654 1178 739 1237 Fara.
771 1179 825 1238 'Dc
852 1176 1007 1240 indicativo
1033 1201 1088 1261 pro
1110 1176 1299 1241 coniunctivo
1321 1200 1357 1240 m

286 1264 470 1346 iuterrogatt.
491 1259 616 1339 obliquis
638 1260 736 1340 posito
758 1259 799 1323 ci..
814 1260 922 1343 Reisig.
944 1261 1059 1321 Vorles.
1082 1262 1110 1345 5.
1131 1268 1198 1323 329.
1219 1266 1243 1323 c'.
1263 1263 1357 1322 Haas.

285 1356 388 1405 annuet
405 1350 472 1404 504.
493 1344 638 1402 Koebner.
660 1343 694 1401 ad
716 1339 776 1402 Cic.
796 1341 883 1402 Tusa.
902 1346 938 1418 V,
959 1349 1009 1417 41,
1032 1349 1099 1405 121.
1118 1343 1250 1404 Bonuell.
1272 1346 1358 1404 Pro-

284 1425 360 1510 legg.
382 1426 418 1486 ad
437 1428 506 1485 Lex.
527 1424 630 1500 Quint.
653 1446 679 1504 p.
700 1425 802 1483 Lxxt.
823 1458 875 1511 '.
902 1426 1013 1505 Quibus
1033 1448 1072 1486 se.
1093 1426 1214 1501 artibus,
1235 1426 1355 1487 studiis.

366 1530 505 1588 aduersus
533 1532 680 1588 acerrima
703 1565 742 1577 -
762 1525 883 1609 studia]
914 1529 1061 1603 Aduersus
1080 1528 1108 1588 h.
1130 1527 1148 1588 l.
1165 1530 1282 1590 dicitur
1301 1552 1354 1590 ra-
1441 1538 1442 1565 ¹

236 1683 243 1693 ἱ
284 1612 364 1673 riore
383 1610 516 1692 *siguifie
545 1610 574 1670 iu
604 1609 864 1690 comparationibus
884 1632 938 1690 pro
959 1610 1002 1670 ad
1023 1610 1070 1671 vel
1091 1622 1212 1682 contra,
1238 1632 1275 1694 ge
1295 1633 1355 1686 ειη

284 1694 358 1755 falso
376 1692 489 1772 Dronk.
510 1692 546 1752 de
566 1692 633 1751 loco
654 1712 708 1771 pro
730 1713 745 1749 e
767 1696 881 1765 regione
902 1715 967 1752 acce
987 1693 1018 1752 it.
1034 1692 1176 1765 Liuvtt‘,
1191 1698 1242 1753 32:
1270 1633 1356 1774 guid

222 1790 226 1801 ‘
284 1786 383 1836 autem
399 1795 460 1834 esse
477 1773 533 1833 duo
548 1793 690 1854 prospera
706 1776 736 1830 iu
754 1782 795 1832 tot
816 1772 938 1834 saeculis
958 1717 1034 1834 dille
1053 1778 1226 1836 Samnitium
1243 1775 1353 1834 aduer-

284 1878 336 1919 sas
361 1867 402 1918 tut
425 1855 529 1916 deeora
544 1856 644 1938 populi
663 1855 792 1915 Romani
809 1868 862 1914 etc.
885 1857 993 1931 XXIV,
1014 1864 1041 1935 ὃ,
1069 1852 1277 1939 tamen(du1)
1299 1878 1353 1916 re-

154 2000 160 2006 ,
275 1950 368 2024 ,oente
392 1938 483 1997 leatus
509 1942 539 1997 in
560 1958 665 1996 annum
686 1945 803 2011 creatus
824 1937 961 2014 aduersus
980 1951 1100 1999 veterem
1125 1961 1161 2000 aa
1177 1950 1353 2022 perpetuum
1442 2008 1443 2023 .

285 2025 490 2104 imperatorem
516 2020 742 2100 comparabitur.
784 2017 833 2078 sic
861 2030 963 2079 corrtra
988 2042 1031 2101 ap.
1053 2021 1155 2097 Quint.
1173 2026 1209 2095 X,
1230 2020 1257 2095 1',
1282 2025 1352 2105 1l4.
1442 2028 1443 2031 ’

190 2155 200 2161 .
286 2104 318 2163 C.
341 2124 406 2162 uero
429 2101 541 2161 Caesar
566 2104 593 2160 si
609 2098 814 2180 scrutantem
835 2111 984 2177 uocasset,
1015 2125 1069 2165 nou
1090 2092 1166 2163 alius
1184 2124 1222 2163 aa
1241 2107 1352 2165 nostris

285 2196 390 2245 contra
412 2184 577 2243 Ciceronem
586 2186 802 2243 nominaretur.
890 2198 894 2207 “

297 2346 305 2351 .
366 2289 436 2371 quid
456 2299 508 2347 aut
528 2289 572 2347 tttt
589 2289 692 2345 seirint
711 2296 763 2346 aut
784 2307 834 2346 nos
854 2283 1031 2368 nesciamus]
1052 2286 1241 2367 quadrCodd.
1261 2291 1350 2351 Fam.

282 2369 324 2467 qd
344 2371 407 2430 Par.
422 2371 498 2453 quod
511 2369 596 2429 Vind.
616 2368 661 2461 qd'
676 2366 728 2427 Ed.
748 2362 823 2448 Spir.
839 2368 915 2450 quiid
931 2369 1001 2428 Edd.
1016 2380 1085 2428 vett.
1101 2371 1170 2453 quid
1185 2393 1219 2462 ex
1234 2374 1349 2434 emend.
1443 2404 1444 2437 t

284 2472 381 2530 Rhea.
403 2470 482 2548 seqq.
521 2468 568 2527 De
589 2465 752 2528 discrimine
773 2467 851 2527 inter
869 2466 939 2548 quid
957 2478 987 2526 et
1003 2468 1082 2549 quod
1109 2467 1144 2528 ci.
1165 2469 1288 2530 Beneck.
1311 2471 1350 2535 ad

284 2551 388 2611 lustin.
402 2553 485 2623 Vnt,
499 2556 529 2625 2,
555 2554 600 2609 12.
621 2549 732 2608 Kuebn.
754 2550 788 2607 ad
809 2547 868 2610 Cic.
889 2547 1041 2625 Timent,
1060 2556 1106 2621 18,
1122 2554 1170 2625 42.
1195 2552 1245 2632 (de
1260 2552 1349 2613 form.

286 2630 380 2693 habeo
400 2631 543 2714 quodvel
564 2633 633 2714 quid
650 2629 760 2711 dicam)
783 2629 866 2689 Held.
886 2631 919 2688 ad
941 2629 1022 2690 Caes.
1042 2632 1075 2690 B.
1098 2629 1130 2691 C.
1152 2630 1185 2703 ll,¹
1207 2641 1255 2693 20.
1279 2636 1351 2703 Muff
1410 2657 1415 2666 ’

286 2735 342 2774 ser.
364 2714 399 2773 ad
418 2712 477 2789 Cic.
499 2714 534 2773 de
553 2714 650 2773 Diria.
672 2715 693 2787 l,
710 2717 737 2771 5.
760 2715 902 2794 Wagner.
922 2713 1025 2790 adl'ir
1046 2757 1052 2770 .
1073 2713 1133 2773 Ecl.
1150 2721 1180 2789 2,
1194 2721 1222 2774 2.
1244 2718 1348 2777 items-

286 2796 373 2856 boru.
403 2796 456 2856 Gr.
482 2794 608 2877 5160.
635 2796 704 2855 Not.
734 2800 759 2853 1.
793 2792 940 2853 Eckstein.
966 2794 1001 2854 ad
1025 2735 1056 2853 b
1084 2795 1102 2853 Ι.
1153 2797 1212 2855 Pro
1239 2802 1348 2860 seirent
1425 2839 1429 2844 ·

286 2876 399 2938 emend.
427 2875 568 2937 Scburzss.
592 2880 711 2945 scierint
730 2874 878 2956 probatam
901 2876 969 2934 Ero.
991 2874 1153 2937 in‘anuott.
1173 2892 1348 2961 receperunt

259 3031 262 3035 Ι
284 2961 389 3020 Heum.
408 2958 499 3019 Orell.
514 2957 604 3018 Bett.
619 2960 716 3018 Boett.
732 2956 846 3017 Waltb.
860 2957 947 3017 Baeb.
960 2958 1032 3018 Ritt.
1052 2960 1117 3043 Ego
1133 2960 1219 3040 posui
1233 2966 1345 3038 sciriut,

233 3042 321 3119 rsde
342 3062 398 3121 qua
421 3040 518 3110 ,forma
545 3039 665 3123 propius
686 3040 837 3099 accedente
862 3038 896 3098 ad
917 3044 1024 3099 seirent
1048 3052 1078 3099 et
1096 3045 1292 3104 commendata
1310 3044 1346 3106 ab

167 3184 173 3191 ,
243 3108 251 3205 l
287 3121 610 3187 deauratarum.
632 3128 681 3198 15,
706 3127 770 3181 ns.
793 3119 859 3180 con.
879 3120 990 3181 nutes.
1009 3121 1044 3183 aa
1064 3122 1137 3182 eun
1158 3123 1230 3207 epp.
1249 3118 1300 3202 nt,
1314 3131 1346 3205 s,
1372 3118 1379 3133 “

279 3206 315 3289 χ7.
336 3203 403 3287 (ubi
421 3203 468 3265 bic
488 3225 532 3285 pr.
551 3208 643 3264 scires
658 3224 718 3283 uon
738 3203 930 3278 scieris„·sed
948 3207 1029 3264 sciris
1049 3202 1107 3287 legi
1126 3203 1213 3288 uult).

282 3322 285 3330 '
366 3313 479 3369 iuuenes
492 3312 551 3367 iam
565 3306 667 3386 sorum
683 3305 868 3390 ingressuri]-
878 3312 937 3367 iam
955 3319 984 3367 et
996 3306 1096 3385 ‚mrum
1117 3306 1242 3383 ingressi
1253 3307 1345 3372 Codd.

284 3391 369 3451 Fam.
385 3389 457 3473 (om.
475 3388 518 3472 et)
533 3392 597 3450 Par.
620 3390 705 3449 Viud.
726 3390 910 3469 Eddusque
925 3390 960 3450 ad
978 3391 1060 3466 Eun,
1081 3389 1131 3471 qui
1152 3412 1168 3450 e
1187 3389 1261 3451 Cod.
1282 3397 1346 3454 vat.

287 3480 374 3535 1862.
395 3477 456 3539 iam
477 3470 619 3549 etserrum
639 3475 797 3545 ingressuri
814 3471 939 3552 recepit,
967 3474 1045 3552 quod
1066 3472 1161 3533 deleto
1179 3483 1208 3532 et
1228 3486 1346 3535 auctore

270 3555 400 3619 ‚sainte
422 3566 452 3615 et
471 3553 619 3614 addicente
640 3551 712 3613 Cod.
728 3556 822 3617 ,Farn
849 3553 1002 3635 probatum
1030 3565 1078 3615 est
1094 3566 1213 3614 recente.
1231 3569 1345 3636 praeter

205 3707 207 3711 ¹
287 3637 379 3698 Orell.
396 3635 462 3716 (qui
478 3647 506 3695 et
521 3631 657 3715 retinuit)
676 3646 706 3695 et
723 3635 820 3708 Bach.‚
842 3635 890 3715 qui
909 3639 1033 3710 ingressi
1045 3636 1086 3697 sio
1105 3636 1242 3717 explieat:
1263 3638 1344 3719 nqui-

284 3717 340 3778 bus
363 3717 615 3778 exercitationibus
643 3716 761 3776 iuuenes
782 3717 831 3797 qui
852 3718 906 3776 iam
928 3717 1024 3777 sorum
1043 3717 1167 3800 ingressi
1187 3718 1249 3779 sint
1267 3719 1344 3802 (sire

220 3845 224 3853 .
284 3799 431 3880 publicum
457 3798 637 3879 eloquentiae
665 3799 808 3879 specimen
837 3797 995 3880 ediderint)
1021 3799 1134 3881 ingenia
1156 3821 1206 3859 sua
1235 3803 1342 3862 conffl-

179 3926 181 3933 .
285 3902 364 3941 mare
385 3892 414 3940 et
434 3880 510 3942 alere
529 3882 609 3941 soliti
629 3880 698 3956 sint,
720 3902 759 3940 sc.
780 3891 931 3960 antequam
948 3881 1043 3941 forum
1062 3882 1188 3963 ingressi
1208 3881 1267 3942 siut
1283 3883 1342 3943 sire

284 3983 341 4043 pro
365 3962 469 4023 rostris
493 3962 634 4038 dixerint,
654 3962 683 4021 id
706 3963 785 4043 quod
807 3962 882 4021 inest
901 3961 932 4021 iu
952 3963 1044 4022 forma
1062 3966 1144 4023 soliti
1160 3967 1244 4022 sinn«
1285 3965 1344 4025 Sed

309 4055 412 4104 raestat
431 4048 599 4120 ingressuri,
619 4064 674 4126 pro
695 4054 772 4104 terea
791 4043 870 4124 quod
889 4043 1036 4117 Messalla,
1060 4038 1161 4125 quide
1180 4044 1216 4106 iis
1233 4046 1342 4108 artibus

285 4063 424 4186 bacteuus'
444 4124 597 4200 disseruit,
627 4066 732 4221 quibos
753 4137 864 4185 veteres
890 4137 1020 4185 oratores
1042 4123 1161 4186 instrui.
1175 4127 1256 4188 soliti
1274 4129 1344 4204 siut,
1366 4163 1371 4169 ·

285 4206 342 4268 iam
362 4207 399 4269 ad
413 4226 467 4285 ,ees
493 4207 713 4268 exercitationes
738 4204 940 4290 progreditur,
967 4226 1039 4288 quae
1060 4208 1177 4285 iuveni,
1206 4208 1342 4290 quitum
