2970 4808
269 300 316 366 90
595 297 754 381 Dialogus
776 297 814 359 de
838 291 1025 361 Oratoribus

269 455 458 558 putationes
485 450 674 542 assumitis,
697 478 784 550 quae
810 468 842 526 et
865 449 1037 547 ingenium
1060 447 1153 521 alunt
1178 464 1211 521 et
1236 446 1351 533 erardi-

270 555 371 627 tiunis
392 581 430 626 ac
451 552 633 624 litterarum
650 550 929 625 iucundissimum
948 548 1225 623 oblectamentum
1246 576 1351 647 quum

269 642 385 740 vobis,
411 652 470 752 qni
492 649 549 723 illa
572 649 770 750 disputatis,
803 649 969 736 tullerunt,
994 665 1063 720 tum
1092 648 1190 720 ctiam
1216 648 1278 732 iis,
1306 645 1352 718 ad

260 748 415 852 'qnorum
439 775 537 821 aures
562 749 794 849 pervenerint..
839 749 955 847 ltaque
975 745 1121 831 Hercule
1146 774 1215 818 non
1239 745 1351 819 nunus

268 849 407 952 probari
429 848 526 921 viden
549 849 585 920 in
607 865 658 935 te,
683 847 857 934 Secunde,
884 847 978 946 quod
1000 846 1074 918 lulii
1091 846 1231 918 Asiatici
1251 845 1350 917 vitam

174 986 180 999 =
269 947 503 1049 componendo
532 975 626 1048 spem
654 947 847 1020 hominibus
872 945 980 1018 iecisti
1012 944 1158 1044 plurium
1185 943 1351 1016 eiusmodi

269 1040 451 1132 librorum,
476 1075 575 1145 quam
599 1047 635 1117 iu
660 1047 776 1145 Apro,
803 1044 896 1145 quod
920 1043 1071 1117 nondum
1097 1071 1117 1116 a
1142 1038 1350 1115 scholasticis

159 1144 166 1151 ⁵
270 1145 503 1221 controversiis
536 1147 674 1218 recessit
707 1163 738 1217 et
768 1147 871 1217 otium
905 1170 1004 1215 suum
1031 1141 1153 1215 mavult
1181 1169 1351 1217 ‹novorum

268 1244 440 1319 rhetorum
464 1272 557 1317 neore
583 1271 685 1346 quam
708 1262 856 1318 veterum
881 1258 1051 1316 oratorum
1071 1268 1278 1315 consumere.

269 1431 449 1492 orationibus
467 1432 595 1504 similes,
616 1448 674 1489 non
692 1440 825 1502 tuntum,
850 1427 918 1487 dum
940 1427 1082 1488 adolescit
1099 1425 1264 1507 profectus,
1282 1440 1351 1489 sunt

267 1515 459 1586 utilissimae,
478 1532 553 1598 quae
575 1515 764 1571 incentienem
786 1523 816 1571 et
834 1510 1049 1592 dispositionem
1068 1513 1183 1589 pariter
1202 1520 1349 1585 exercent,

267 1595 321 1654 scd
340 1598 430 1654 etiam
447 1614 536 1675 quum
554 1605 598 1653 est
612 1605 827 1653 consummatus
843 1596 960 1651 aciem
980 1589 1096 1668 infhro
1115 1591 1220 1649 clarus.
1247 1590 1349 1650 Atttnr
1401 1600 1403 1605 ’

193 1744 198 1753 ,
268 1679 343 1756 enim
367 1688 458 1756 utque
486 1678 616 1733 enitescit
645 1676 721 1734 uelut
737 1674 844 1754 pabulo
865 1675 989 1733 laetiore
1007 1671 1155 1750 sacurrdia
1176 1685 1205 1733 et
1225 1673 1349 1732 assidua

257 1761 475 1818 ‘contentionum
497 1759 658 1838 asperitate
678 1755 818 1833 fatigata
845 1764 1011 1834 renovetur.
1050 1754 1097 1813 De
1119 1753 1165 1814 his
1186 1754 1347 1815 declamatt.

267 1837 305 1899 ol·
325 1835 451 1901 Cresoll.
465 1837 571 1897 theatr.
591 1837 704 1897 rhetor.
723 1838 772 1895 lV.
794 1840 823 1899 6.

315 2008 317 2012 ,
352 1940 567 2022 disputationes⁴
591 1936 757 2020 assumitis]
791 1935 884 1997 Codd.
905 1940 991 1999 Farn.
1011 1938 1120 1998 Vatiec.
1148 1942 1234 1996 1862.
1255 1939 1346 1998 4198.

266 2021 461 2085 EddDronk.
472 2021 583 2081 Osann.
593 2020 685 2091 Orell.
694 2032 815 2080 recentt.
824 2022 1035 2100 praeterRup.‚
1049 2020 1100 2100 qui
1113 2018 1347 2092 adiungitislect

267 2102 361 2164 Codd.
377 2105 440 2162 Par.
454 2102 541 2164 Viud.
559 2113 627 2162 cett.
639 2103 712 2161 Edd.
728 2101 847 2182 recepit.
862 2099 932 2181 Cap.
949 2106 997 2160 31.
1018 2103 1247 2161 exclamationes
1260 2122 1346 2159 assu·

267 2206 355 2250 mere.
385 2182 447 2244 Cic.
463 2184 591 2243 deOrat.
612 2186 634 2258 l,
657 2188 706 2257 12,
728 2184 776 2243 54.
796 2187 1001 2243 tractationem
1017 2187 1167 2254 orationis,
1190 2202 1266 2264 quac
1284 2185 1347 2241 sine

266 2269 320 2330 illa
338 2268 461 2326 seientia
482 2266 564 2323 nulla
585 2275 645 2337 est,
678 2266 736 2323 sibi
755 2276 892 2324 assumet.
912 2264 996 2322 Brut.
1018 2267 1069 2337 to,
1093 2268 1159 2323 too:
1181 2273 1211 2321 et
1229 2262 1348 2323 Sbroius

267 2350 446 2428 eloquentiae
466 2356 581 2406 tantum
604 2350 802 2428 assumpsisse.
828 2345 890 2404 .De
918 2345 1158 2425 frequentissimo
1179 2365 1237 2404 usu
1258 2345 1346 2407 huius

265 2428 350 2489 serbi
371 2438 415 2508 ap.
438 2427 542 2502 Quint.
564 2426 611 2486 rd.
632 2428 702 2503 on.
721 2425 858 2499 Bonnell.

348 2554 432 2613 quum
454 2529 531 2589 uoltis
546 2562 583 2573 -
599 2539 661 2591 tuin
682 2533 773 2591 etiam
793 2528 846 2611 iis]
868 2527 961 2589 Codd.
981 2531 1045 2589 Par.
1064 2529 1152 2590 Vind.
1169 2530 1243 2590 Edd.
1258 2551 1345 2614 quum

268 2646 308 2663 s—
323 2624 385 2672 tum
406 2623 522 2691 praeter
541 2610 648 2686 Bach.‚
670 2612 720 2691 qui
740 2636 826 2695 quum
847 2611 875 2669 in
892 2609 966 2671 Cod.
987 2614 1071 2670 Farn.
1089 2613 1229 2672 omissum
1249 2612 1345 2687 eiecit,

266 2693 348 2755 cuius
372 2690 557 2751 additamenti
573 2693 775 2752 necessitatem
795 2715 895 2774 parum
913 2693 1091 2773 perspiciens
1112 2694 1155 2753 sic
1176 2694 1204 2751 b.
1221 2693 1238 2755 l.
1253 2693 1346 2777 expli-

266 2774 342 2835 cuit:
365 2773 606 2834 iucundissimum
620 2774 862 2835 oblectamentum
883 2773 1010 2833 afferunt
1025 2775 1151 2854 primum
1165 2774 1260 2850 vobis,
1279 2788 1345 2837 tum

231 2924 235 2939 .
266 2857 351 2916 etiam
369 2855 415 2931 iis,
436 2856 469 2917 ad
488 2877 615 2934 quorum
630 2863 697 2915 cett.
726 2857 767 2917 At
782 2856 839 2915 vid.
854 2854 913 2916 Cic.
923 2878 967 2936 pr.
978 2856 1066 2918 Ascli.
1086 2862 1132 2937 12.
1147 2881 1233 2945 quum
1248 2858 1347 2935 digni·

230 2944 234 2975 ‘¹
264 2948 409 3005 tutatum
434 2943 524 2999 etiam
550 2940 707 3002 venustate.
724 2960 767 3018 pr.
783 2937 879 2998 Plane.
896 2940 944 2996 42.
966 2960 1052 3019 quum
1075 2940 1154 2998 luctu
1176 2944 1345 2999 tumetium

229 3018 233 3066 ἓ
265 3031 353 3089 metti.
398 3017 520 3077 Meliora
543 3039 609 3077 eum
637 3017 1013 3100 edocebit‘Stuerenburg.
1041 3019 1075 3078 ad
1096 3018 1157 3078 Cie.
1185 3042 1229 3101 pr.
1254 3019 1345 3097 Arch.

228 3096 230 3103 ’
265 3121 310 3181 cp.
334 3106 380 3163 12.
405 3123 433 3180 p.
458 3102 523 3164 tet.
546 3099 601 3164 Ed.
626 3106 712 3159 isan.
733 3123 761 3181 p.
783 3105 849 3159 tas.
874 3100 927 3158 ut.
952 3106 1057 3175 teau,
1078 3100 1130 3160 ubi
1152 3102 1187 3161 de
1209 3100 1343 3165 formulis

263 3205 329 3255 cum
355 3215 389 3225 -·
413 3192 473 3240 tum
503 3191 533 3245 et
553 3180 677 3239 ium—
697 3194 759 3242 tum
789 3181 937 3246 subtiliter
962 3181 1112 3265 disputans
1140 3183 1217 3245 illam
1237 3178 1345 3267 ¹quater

262 3262 343 3344 ,apud
358 3263 425 3329 Tac.
448 3263 525 3321 Anu.
541 3263 606 3334 ΧΠ,
628 3269 675 3324 32.
697 3260 737 3322 in.
758 3265 824 3337 XV,
839 3267 889 3324 48.
909 3263 948 3326 in.
969 3263 1086 3323 hiat-7.
1109 3264 1198 3323 tute
1221 3266 1229 3322 i
1250 3284 1345 3325 anuo-

263 3344 346 3411 tavit.
367 3380 407 3399 -.-
445 3341 519 3403 Cot.
546 3344 632 3407 tarn.
660 3343 753 3405 Orett.
780 3342 927 3405 Bouttch.
949 3344 1063 3404 Watch.
1092 3345 1167 3406 Rite.
1190 3288 1278 3411 tinch.
1308 3349 1345 3407 tis

286 3446 319 3484 ro
340 3426 386 3484 leis
407 3424 473 3490 lect.
495 3422 588 3484 Codd.
609 3425 675 3484 Par.
696 3425 784 3485 Vind.
807 3438 874 3486 cett.
897 3425 969 3485 Edd.
998 3426 1034 3488 cf.
1056 3427 1204 3486 Kuehuer.
1225 3429 1260 3491 ad
1282 3425 1344 3488 Cic.

228 3516 231 3591 j
263 3448 351 3573 ³lucc.
375 3508 397 3580 l,
417 3511 447 3580 3,
465 3510 494 3569 5.
524 3505 560 3572 te
590 3505 739 3597 frequenti
767 3508 942 3574 contusione
968 3517 999 3571 et
1027 3508 1063 3568 dc
1084 3507 1250 3591 disier-entia
1277 3508 1344 3591 ¹¹03·

260 3609 427 3677 prouomm.

263 3771 300 3846 11,
322 3774 371 3835 94.

263 3952 458 4034 scriptoribus
486 3955 588 4020 aetatis
616 3968 771 4037 argenteae
796 3956 968 4021 attribuitur
994 3957 1041 4018 vel
1068 3956 1178 4031 rebus,
1209 3979 1284 4037 quae
1311 3957 1344 4017 iu

225 4088 230 4117 ί
263 4034 373 4100 scholis
397 4034 551 4099 rhetorum
571 4036 825 4110 transmeassent
855 4037 1043 4114 hominibus,
1071 4037 1089 4097 i.
1110 4060 1136 4100 e.
1163 4038 1343 4100 rhetoribus.

264 4116 466 4185 Scholasticee
493 4121 706 4177 controuersiae
734 4118 963 4196 Quint.1V‚2‚
985 4125 1035 4181 92.
1069 4126 1215 4182 materiae
1238 4123 1291 4195 xt,
1315 4125 1343 4193 1,

263 4203 314 4265 822
336 4197 564 4262 declamationes
583 4196 663 4259 Gett.
685 4201 752 4270 XV,
775 4204 800 4260 t.
826 4200 1017 4264 scholasticae
1037 4214 1067 4265 et
1091 4205 1274 4266 ombmticae
1293 4202 1344 4264 lit·

341 3690 413 3749 Iulit
430 3688 559 3757 Asiatici
576 3689 684 3773 mam]
696 3662 763 3752 'tuti
782 3687 856 3752 cot.
871 3692 958 3753 Fara.
992 3690 1038 3753 Cf.
1057 3666 1097 3753 de
1117 3690 1251 3755 Asiatico
1263 3670 1364 3754 Hists

345 3892 365 3932 a
394 3872 572 3937 scholasticis
598 3873 814 3956 controuersiis]
849 3875 905 3935 Vd.
920 3875 1001 3950 ¹Dial.
1024 3879 1073 3935 31.
1113 3876 1345 3939 Scholasticusa
1374 3950 1376 3954 ι
1476 3828 1477 3865 ³
