2832 4808
164 266 167 272 ’
274 294 340 356 ass
419 288 446 310 ‘²
492 321 524 335 -=
596 291 753 374 ntuogo
777 292 815 352 aa
838 289 1043 385 oratorian.

204 450 207 455 ⁴
243 478 246 485 ’
275 465 308 523 et
331 445 472 527 testibus
498 443 663 529 silentium
683 444 832 547 patronis
854 444 981 519 indicit.
1015 446 1126 516 'Unus
1153 442 1246 514 inter
1270 440 1366 515 hacc
1404 536 1405 543 q

275 548 397 622 dicenti
417 563 473 619 aut
494 544 575 625 alter
591 546 714 620 assistit
738 564 770 619 ot
785 572 838 617 res
860 544 947 618 velut
968 545 1002 617 in
1021 542 1199 616 solitudine
1224 540 1364 638 agitur.
1404 566 1405 593 ³

277 648 417 722 Oratori
433 664 540 721 antem
558 647 700 719 clamore
716 645 902 746 plausuque
919 673 1004 761 opus
1029 659 1125 721 estet
1148 641 1238 715 velut
1265 669 1365 741 quo-
1404 650 1405 653 ’

277 747 355 823 dam
369 748 527 833 theatro,
553 747 663 846 qualia
688 746 808 820 cotidie
832 745 976 844 antiquis
1001 743 1189 837 oratoribus
1217 739 1370 843 contin-
1404 764 1405 839 q

350 889 353 897 ,
420 879 423 886 ·
777 862 790 891 s
1197 870 1202 885 .

276 929 411 997 tanquam
433 916 584 998 ingeniosa
602 916 734 978 laudatur
752 937 768 977 a
787 914 993 996 Peerlkampio.
1034 916 1082 974 Fr.
1103 912 1190 973 Hcss.
1209 910 1245 971 in
1269 930 1363 971 com-

278 1010 380 1062 mentt.
407 1020 476 1058 mss.
504 997 561 1084 legi
580 999 644 1059 vult
664 1012 714 1060 aut
731 1009 856 1080 patrono
878 996 1016 1057 indicitur
1043 995 1109 1056 coll.
1130 995 1205 1055 Plin.
1227 995 1314 1073 Epp.
1340 993 1362 1067 Ι,

175 1108 177 1119 ’
243 1128 245 1133 ,
265 1078 331 1156 ⁸23,
352 1087 380 1140 3.
401 1082 545 1141 silentium
567 1083 717 1164 clepsydra
736 1081 837 1154 indict,
857 1091 907 1139 aut
925 1082 1215 1160 silentiumpatronus
1233 1075 1361 1134 inducit

234 1164 237 1167 ⁵
278 1163 345 1225 coll.
365 1163 468 1238 Quint.
490 1148 543 1236 ΙΧΙ,
564 1171 595 1239 2,
614 1167 674 1235 ts,
694 1176 729 1224 ut
749 1163 1036 1244 vv.‚tprolrationilus
1055 1160 1222 1220 attactibus
1252 1156 1360 1216 dativo

183 1282 185 1292 ·
278 1244 462 1327 accipiantur.
482 1244 555 1305 Mihi
567 1245 784 1326 praeferendum
798 1245 928 1311 videtur:
941 1244 1074 1324 patronis
1086 1242 1202 1302 indicit:
1221 1238 1360 1319 Haeufig

278 1330 340 1412 lcgt
361 1325 480 1406 er'(der
499 1327 635 1408 Richter)
656 1349 760 1410 wegen
780 1320 833 1386 der
852 1325 1140 1408 Beneisntittel'und
1159 1324 1212 1383 der
1230 1324 1362 1460 'beugen

218 1446 221 1452 ω
244 1446 253 1490 q.
279 1412 336 1472 den
358 1409 800 1490 SachwalternStillschweigen
820 1408 876 1468 aul.
917 1407 1111 1467 Fundationes
1124 1405 1158 1465 ab
1176 1402 1301 1464 rhetori
1325 1425 1360 1460 us

243 1494 249 1571 l
278 1491 460 1572 apellantur
480 1512 580 1552 onmes
602 1491 666 1551 illac
691 1513 757 1566 res,
784 1489 889 1570 quibus
918 1489 1026 1570 aliquid
1051 1486 1212 1570 probatur,
1242 1506 1297 1544 res
1319 1484 1361 1542 ad

241 1588 248 1637 t
270 1515 366 1654 Jldetn
397 1574 723 1655 aoieudamappositae
744 1571 810 1633 coll.
838 1571 941 1661 Quint.
964 1571 982 1630 l.
1003 1571 1039 1646 1.,
1059 1581 1155 1639 πίστεις
1173 1569 1220 1628 vel
1245 1572 1358 1626 ἀποδεῖ.

215 1720 217 1725 ,
280 1661 340 1723 tete.
359 1646 577 1715 Bewcismittel.
618 1653 727 1715 Acte.
756 1654 791 1714 de
813 1654 894 1714 Orat.
916 1656 951 1728 ΙΙ,
972 1660 1020 1714 27.
1044 1659 1108 1713 116.
1135 1665 1165 1713 et
1185 1648 1298 1728 Quint.
1324 1652 1358 1720 V,

282 1742 299 1797 1
323 1759 385 1817 sqq.
405 1737 561 1796 edocentur
584 1736 689 1817 duplex
708 1752 800 1818 genus
819 1735 1023 1817 probationum
1043 1735 1150 1795 luisse:
1171 1735 1207 1793 ad
1227 1732 1358 1791 alterurn

281 1819 428 1901 pertinere
450 1817 671 1898 increpantes,
693 1816 765 1898 quae
786 1840 845 1878 non
866 1820 1069 1901 excogitentur
1091 1817 1285 1886 abosolute,
1306 1813 1357 1872 sed

281 1922 352 1981 quas
372 1900 401 1958 in
420 1921 454 1961 re
473 1902 583 1979 positas
603 1913 684 1960 extra
706 1900 819 1960 dicendi
839 1900 981 1977 rationein
1002 1899 1137 1981 accipiat,
1164 1911 1199 1958 ut
1222 1897 1355 1968 tabulas,

282 2002 433 2054 rumores,
453 1989 616 2057 tormenta,
639 1982 857 2057 iusiurandum,
875 1986 1055 2056 testimonia,
1074 1992 1176 2062 pacta,
1200 1989 1355 2051 conoenta,

283 2065 597 2146 quaestiones‚‘,leges,
617 2075 736 2123 senatus
754 2067 957 2139 concultemus
976 2064 1131 2137 iudicatas,
1153 2063 1288 2132 decreta,
1309 2080 1354 2118 re-

283 2165 390 2228 sponsa
415 2142 481 2214 rel.;
504 2147 538 2205 ad
558 2145 680 2205 alterum
702 2145 892 2226 ανίψείαίεε,
909 2168 978 2226 quas
999 2146 1029 2204 iu
1043 2144 1240 2242 disputatione
1265 2153 1298 2201 et
1309 2163 1354 2201 ar-

283 2226 500 2310 guutcntatione
520 2227 674 2299 collocatas
695 2241 795 2288 orator
824 2251 859 2290 ex
880 2250 963 2288 causa
981 2228 1076 2288 trahat
1094 2249 1157 2309 ipse
1176 2238 1208 2286 et
1227 2224 1353 2306 quodam

283 2310 372 2391 modo
394 2307 500 2390 gignat.
669 2365 673 2370 .
1105 2314 1106 2317 ’
1210 2334 1214 2341 ²

277 2462 280 2473 ,
368 2408 447 2467 Unus
458 2440 493 2451 —
511 2416 564 2467 aut
573 2407 666 2491 ulter]
686 2408 712 2467 E
728 2405 803 2469 Cot
814 2409 899 2468 Farn.
913 2401 1116 2468 Bett'Boeu.
1129 2406 1251 2469 Walth.
1267 2405 1351 2466 Bacb.

232 2556 235 2565 ,
267 2503 315 2552 ἐἰ
334 2490 423 2559 ttius,
442 2490 522 2569 qnod
542 2512 558 2551 e
578 2491 745 2551 coniectura
763 2492 880 2550 Broter.
899 2512 914 2549 a
935 2489 1058 2551 Seebod.
1077 2490 1132 2549 iarn
1153 2489 1266 2550 editum
1289 2500 1350 2556 θείς

233 2574 235 2583 ’
284 2595 321 2634 ac
347 2571 439 2635 Codd.
461 2572 525 2647 Par.
555 2570 641 2632 Vind.
668 2572 820 2652 pleraeque
846 2573 937 2647 Edu,
964 2583 1050 2654 atque
1069 2573 1299 2645 Ern.Liinen1.‚
1325 2580 1352 2628 et

284 2652 397 2715 Dronk.
421 2653 530 2713 Osann.
543 2653 642 2727 orell.
662 2653 707 2715 Cl.
722 2667 820 2715 annot.
839 2655 874 2715 ad
894 2655 967 2715 Dial.
988 2659 1035 2715 21.
1056 2677 1084 2736 p.
1109 2661 1174 2716 122.
1201 2652 1203 2661 ’

367 2753 491 2813 Oratari
510 2786 548 2797 -
571 2751 702 2835 theatro]
726 2746 845 2814 Clamor
861 2755 1037 2838 plaususque
1050 2754 1076 2812 vi.
1097 2776 1124 2834 q.
1141 2732 1250 2812 clamor
1270 2749 1352 2830 plau-

256 2872 261 2884 ·
286 2836 414 2896 dentium
437 2833 565 2919 (claqnor
576 2835 760 2895 laudantium
781 2835 967 2910 Quint.X‚1‚
991 2842 1036 2896 17.
1056 2859 1080 2896 c.
1099 2847 1196 2895 annot.
1216 2828 1350 2911 Herba)

244 2964 249 2997 3
285 2918 332 2977 vel
359 2916 475 2998 plausus
498 2936 568 2986 ‚curn
597 2916 740 2993 clamore,
768 2929 803 2977 ut
826 2918 900 2978 Liu'
918 2920 1052 2992 xxxut,
1078 2924 1126 2978 32.
1157 2927 1256 2976 tantus
1285 2934 1349 2973 cum

287 3003 416 3060 clamore
438 3000 558 3081 plausus
578 3001 621 3059 est
638 3009 727 3060 ortus.
767 2998 828 3071 Cic.
850 3001 886 3061 de
905 3001 972 3060 Div.
988 3002 1087 3072 ‘t‚²28.
1135 3000 1261 3068 Senatus
1284 3017 1349 3055 con-

202 3114 205 3118 ·
285 3085 392 3162 sultuna
419 3115 450 3127 -
464 3079 698 3163 frequentissimo
720 3083 836 3141 theatro
862 3083 1026 3142 incredibili
1042 3084 1181 3159 'clamore
1200 3091 1229 3140 et
1244 3081 1349 3160 plausu

287 3165 514 3246 comprabatum.
559 3165 606 3224 De
632 3163 688 3224 hoc
715 3185 798 3225 more
817 3164 970 3245 plaudendi
998 3151 1041 3225 ets.
1055 3163 1158 3239 Quint.
1179 3165 1229 3237 tv,
1251 3168 1280 3234 2,
1300 3165 1347 3219 37.

287 3269 313 3308 c.
334 3257 432 3306 annot.
459 3243 556 3326 Spald.
603 3244 689 3325 Quae
713 3248 826 3329 quidem
858 3251 946 3308 rinus
977 3240 1132 3323 negligitur
1161 3256 1182 3305 'a
1206 3246 1347 3326 plurimis,

286 3332 338 3412 qui
355 3329 397 3387 ad
414 3329 572 3387 clamorem
598 3325 757 3412 dispositae
782 3331 827 3389 ael
841 3328 927 3408 sorte
954 3328 1143 3407 circumfluae
1162 3326 1349 3389 multitudiuis

288 3414 441 3493 compositi
459 3431 516 3468 non
534 3407 637 3489 serunt
655 3412 728 3470 illud
745 3415 918 3470 intentionis·
936 3415 1080 3472 silentium
1101 3431 1154 3469 nec
1175 3410 1231 3469 sibi
1250 3408 1350 3489 diserti

225 3563 232 3576 .
287 3494 428 3566 uidentur,
451 3495 613 3551 nisiomnia
632 3495 756 3553 tumultu
774 3514 810 3553 ac
825 3483 1026 3572 uociferatione
1044 3496 1246 3552 concusserint.
1269 3488 1347 3564 Quid

198 3566 201 3577 .
289 3576 329 3637 sit
347 3579 493 3637 theatrum
514 3572 588 3635 bene
614 3574 765 3656 explicavit
784 3572 855 3634 Ern.
877 3573 921 3639 Cl.
943 3574 1019 3636 Cic:
1050 3575 1083 3656 1)
1102 3573 1264 3654 frequentia
1282 3591 1346 3651 spe-

288 3670 431 3718 ctatorum
452 3657 681 3730 et·auditorunt;
703 3657 737 3737 2)
760 3657 890 3733 occasio,
910 3656 992 3718 locus
1008 3657 1047 3716 ita
1068 3654 1283 3717 demonstrandi
1303 3653 1345 3711 in·

246 3798 250 3803 .
288 3741 378 3823 genii,
398 3739 533 3814 virtutis,
555 3751 618 3799 uta
639 3738 771 3820 plurimis
785 3739 924 3820 cognosci
945 3740 1050 3820 possit,
1070 3751 1101 3799 et
1121 3738 1250 3808 omnino,
1267 3734 1344 3816 quic-

290 3822 361 3902 quid
385 3821 427 3888 ita
444 3821 493 3895 fit,
522 3832 556 3880 ut
581 3821 612 3880 in
639 3820 732 3882 oculis
759 3821 909 3901 hominnm
929 3823 996 3896 fiat,
1026 3821 1057 3881 id
1083 3821 1112 3888 in
1142 3821 1255 3879 theatro
1282 3816 1342 3877 fieri

282 3902 405 3963 dieitur.
453 3899 513 3963 cic.
534 3903 616 3962 Brut.
639 3910 668 3976 2,
690 3909 716 3962 6.
750 3926 836 3987 quum
856 3901 956 3982 sorum
982 3906 1082 3986 populi
1101 3905 1247 3975 Romani,
1274 3899 1344 3982 quod

281 3983 390 4064 ficisset
412 3986 497 4064 quasi
514 3985 662 4044 theatrum
680 3988 766 4045 illius
784 3990 899 4061 ingenii.
947 3987 1050 4061 Quint.
1070 3988 1093 4061 Ι,
1109 3993 1139 4061 2,
1161 3991 1189 4045 9.
1210 4006 1233 4044 c.
1252 3992 1341 4045 annot

290 4067 388 4145 Spald.
408 4064 531 4146 optimus
547 4077 718 4149 praeceptor
728 4065 895 4150 frequentia
906 4068 1017 4144 gaudet
1036 4073 1073 4129 'ac
1091 4072 1203 4128 maiore
1220 4086 1251 4125 sc
1265 4067 1342 4125 stea-

291 4160 339 4208 tro
366 4147 483 4221 dignum
502 4158 596 4222 putat.
641 4149 687 4209 De
713 4170 746 4209 re
769 4151 804 4210 cf.
825 4149 885 4213 Cic.
906 4150 941 4210 de
962 4153 1044 4211 Orat.
1067 4153 1111 4226 lt„
1124 4156 1174 4224 ts,
1195 4154 1262 4209 338.
1297 4146 1342 4206 Fit

208 4295 214 4308 ι
291 4239 406 4301 autem,
427 4241 475 4300 ut,
500 4233 569 4310 quia
589 4234 722 4290 maxima
742 4235 826 4312 quasi
846 4236 960 4293 oratori
977 4252 1065 4293 scena
1087 4232 1339 4293 rideatur-concio·
