2970 4808
276 305 340 365 tto
612 299 770 382 Dialogus
791 298 833 363 de
851 295 1036 391 Oratoribus

273 453 351 527 viui.
411 450 500 550 Quis
533 451 685 553 quinque
723 453 759 527 in
794 455 934 529 Verrem
977 450 1083 525 libros
1123 414 1373 549 exspectabiti

212 615 220 629 .
255 555 351 679 xquis
378 553 421 629 de
444 552 638 655 exceptione
661 571 694 633 et
716 551 859 629 formula
882 552 1087 653 perpetietur
1108 548 1164 623 illa
1188 549 1358 649 immensa

273 726 404 784 iustitiae
436 742 510 780 suae
538 723 656 780 minime
682 724 773 780 timet.
803 722 856 796 Vl,
887 725 919 795 3,
949 726 997 781 76.
1024 720 1060 780 de
1089 716 1230 781 Curione.
1283 718 1356 778 Hoc

270 826 364 880 genus
391 803 463 863 dicti
488 824 663 884 consequens
691 814 796 864 aucant
821 803 942 884 quidam
970 812 1059 884 atque
1085 804 1131 861 rot
1155 802 1268 874 simile,
1295 822 1355 880 quo

167 950 172 954 ,
274 886 374 954 Cicero
406 884 564 945 Curionem
592 906 707 963 semper
736 886 774 943 ab
811 880 1002 943 excusatione
1034 888 1145 943 aetatis
1169 884 1354 963 incipientem

262 966 512 1046 sucilius⁰cotidic
528 970 710 1046 prooemium
730 966 839 1025 babere
859 966 953 1040 discit,
973 969 1042 1048 quia
1062 968 1122 1026 ista
1140 975 1252 1024 natura
1269 965 1358 1046 sequi

271 1060 302 1109 et
319 1050 476 1189 tabuerat
493 1048 570 1124 eide,
631 1070 654 1106 r.
872 1076 889 1109 ο

354 1132 411 1189 libr
465 1151 518 1189 eccs
535 1122 588 1188 cet.
619 1128 660 1211 it]
690 1127 838 1189 Exhibent
866 1129 1046 1209 exspectabit
1072 1124 1166 1188 Codd.
1191 1128 1278 1187 Farn.
1305 1123 1353 1207 (at

272 1217 455 1294 exspectavit
470 1153 616 1297 sudbrscr.
635 1212 651 1268 b
669 1230 685 1270 e
701 1211 767 1270 coll.
777 1208 1137 1292 Sclrluttig.)Vaticc.Par.
1151 1209 1352 1271 EddBroter.

272 1306 303 1356 et
329 1305 453 1354 receutt.
482 1296 648 1373 expectauit
677 1290 752 1351 Cod.
781 1292 867 1350 Vind.
889 1291 943 1351 Ed.
970 1292 1047 1372 Spir.
1075 1295 1291 1372 exspectaverit
1313 1310 1353 1351 ex

275 1376 388 1436 emend.
407 1377 475 1434 Pu't.
495 1395 558 1454 sqq.
600 1374 686 1432 Libri
705 1373 723 1433 i.
745 1395 772 1452 q.
795 1373 942 1433 orationes
972 1376 1018 1433 vd.
1042 1385 1141 1432 annot.
1164 1373 1198 1432 ad
1220 1371 1294 1432 Dial.
1320 1378 1350 1431 3.

216 1510 218 1515 .
273 1458 459 1540 Exspectare
479 1455 587 1534 aliquid
609 1455 754 1537 significat
773 1466 831 1513 tarn
860 1455 909 1514 diu
931 1455 1057 1531 morari,
1086 1455 1156 1514 durn
1177 1453 1286 1533 aliquid
1304 1446 1359 1512 sal

271 1551 351 1600 stum
368 1538 415 1598 vel
435 1538 469 1597 ad
490 1538 578 1597 finem
599 1537 774 1616 perductum
796 1537 835 1596 sit
854 1536 1003 1616 (ἀναμένειν
1021 1572 1059 1584 -
1081 1534 1255 1613 abwarten).
1283 1534 1373 1594 Ecc-'

270 1621 416 1701 spectabit
433 1618 525 1701 igitur
560 1622 662 1700 uinque
682 1622 711 1677 in
731 1621 848 1676 Verrem
865 1620 955 1677 libros
975 1618 1012 1690 is,
1034 1617 1084 1697 qui
1105 1617 1135 1675 iu
1156 1617 1264 1677 iudicio
1282 1638 1350 1677 rno-

270 1701 404 1775 rabitur,
427 1701 522 1760 donec
541 1643 596 1759 bae
617 1700 747 1779 quinque
767 1700 915 1759 orationes
929 1700 1043 1760 habitae
1063 1698 1139 1769 siut;
1160 1699 1208 1758 rel
1229 1697 1280 1778 qui
1299 1719 1350 1758 eas

270 1781 419 1861 usquead
443 1782 531 1840 finem
551 1781 698 1862 patienter
726 1781 842 1853 audiet,
870 1803 955 1861 qnam
977 1782 1130 1860 interpret.
1150 1780 1266 1840 Subula.
1285 1801 1351 1841 non

271 1862 396 1924 debebat
423 1861 588 1944 improbare
618 1865 695 1947 Rup.
744 1863 793 1922 Sic
822 1861 884 1922 Cic.
911 1885 955 1944 pr.
982 1862 1100 1923 Cluent.
1126 1869 1155 1922 2.
1183 1872 1349 1923 extremum
1372 1912 1394 1935 ,

250 1940 455 2027 scaspectare.
484 1942 623 2004 Ceterum
640 1944 731 2004 relect
752 1934 826 2003 Plin.
843 1944 917 2025 Epp.
940 1947 963 2018 Ι,
981 1952 1032 2019 20,
1054 1950 1100 2005 10.
1123 1955 1209 2003 oratt.
1229 1943 1348 2004 Verrio.

251 2020 256 2051 '⁸
272 2037 387 2086 tanturn
401 2025 495 2091 editas
511 2046 584 2086 esse.
609 2023 654 2086 ΕΙ.
670 2026 706 2085 de
720 2025 748 2084 b.
760 2047 787 2085 v.
795 2027 944 2085 Petersen.
961 2028 1045 2107 Spec.
1056 2028 1089 2087 ll.
1101 2025 1227 2084 Anuott.
1240 2025 1269 2083 iu
1278 2027 1348 2085 Tac.

272 2129 301 2190 p.
314 2113 373 2183 17.‚
385 2108 436 2188 qui
448 2108 525 2166 Hist.
535 2109 571 2180 ll,
582 2112 697 2167 7.recte
715 2112 882 2187 exspectari
895 2109 1000 2167 bellum
1016 2129 1072 2188 pro
1088 2108 1158 2166 belli
1172 2112 1283 2166 exitum
1301 2128 1350 2166 re-

271 2189 391 2250 vocavit
407 2188 460 2270 (de
475 2209 535 2268 quo
550 2188 606 2248 loe.
621 2189 669 2248 vd.
689 2188 811 2267 Kiessl.)
826 2189 947 2248 etdnn.
964 2191 999 2265 ll,
1013 2196 1061 2249 60.
1082 2193 1234 2271 opperiens
1248 2193 1350 2263 aegri-

272 2272 402 2331 tudinem
422 2268 547 2351 explicat
566 2270 758 2352 aegritudinis
777 2283 922 2330 eventurn.
942 2271 1019 2342 Hist.
1040 2273 1077 2345 ll,
1097 2273 1147 2331 46.
1168 2292 1225 2329 non
1244 2292 1349 2351 exspe-

272 2356 363 2413 ctarit
379 2352 503 2411 militum
526 2352 621 2410 ardor
647 2373 744 2411 uocem
773 2355 812 2410 im
833 2351 985 2417 emtores„
1018 2353 1122 2411 Horat.
1143 2352 1202 2411 Sat.
1224 2353 1244 2426 l,
1267 2357 1298 2423 5,
1319 2357 1347 2411 9.

272 2444 428 2494 coenantes
447 2433 515 2513 (ie.
535 2433 603 2493 dum
619 2433 807 2493 coenaverint
839 2433 922 2492 baud
940 2437 1039 2492 animo
1054 2454 1147 2516 aequo
1161 2433 1350 2515 Exspectasse

182 2538 195 2559 ι
273 2521 388 2575 amicus
412 2534 438 2574 e.
459 2526 559 2574 annot.
579 2514 700 2579 Heindt'.
725 2512 807 2591 Caes.
835 2515 869 2573 B.
891 2513 925 2574 C.
950 2516 986 2589 ll,
1008 2521 1056 2574 37.
1104 2515 1192 2574 Curio
1220 2517 1350 2598 reliquus

274 2601 375 2680 copias
404 2607 635 2678 exspectare-
659 2596 807 2679 parabat,
837 2594 855 2656 i.
883 2616 907 2655 e.
934 2608 993 2654 tarn
1021 2596 1070 2655 diu
1099 2596 1225 2671 murari,
1253 2597 1350 2657 donec

273 2678 374 2759 copiae
389 2677 546 2750 uenerint,
574 2677 719 2760 simulque
740 2688 887 2758 spectare,
915 2698 987 2737 num
1005 2689 1148 2737 venturae
1167 2676 1246 2753 sint,
1274 2698 1349 2758 quae

272 2769 320 2818 est
339 2759 465 2840 Herzog.
485 2758 645 2840 explicatio.

363 2844 426 2922 quis
454 2841 491 2899 de
519 2845 687 2923 exceptione
715 2853 744 2901 et
761 2839 897 2919 formula
919 2845 1098 2923 perpetietur
1123 2842 1175 2900 illa
1204 2844 1349 2899 immensu

274 2919 439 3003 columina]
460 2921 576 3002 Ulpian.
597 2923 665 3004 Dig.
685 2925 787 2982 xttt.
808 2922 828 2982 l.
849 2931 876 2983 2.
900 2944 944 3003 pr.
966 2925 1002 2985 de
1021 2922 1251 3004 exceptionibus.
1281 2921 1349 2982 Ea-

274 3007 371 3084 ceptio
392 3003 473 3062 dicta
495 3013 539 3062 est
558 3009 645 3086 quasi
670 3005 816 3088 quaedam
839 3008 985 3079 earctusio,
1010 3025 1085 3086 quac
1107 3007 1217 3085 opponi
1236 3007 1359 3085 actionim
1462 3084 1463 3087 Ἴ

174 3120 177 3127 ·
202 3156 211 3163 „
274 3088 412 3166 cuiusque
438 3089 484 3143 rei
509 3086 585 3144 solet
610 3087 653 3144 ad
678 3086 892 3149 excludendum
919 3087 969 3161 id,
996 3086 1075 3169 quod
1099 3091 1129 3146 in
1159 3090 1347 3149 intentionem
1462 3090 1463 3103 ¹

274 3166 577 3225 condemnationemoe
594 3167 749 3229 deductum
768 3172 816 3227 sit.
857 3169 948 3236 Erant
963 3168 1149 3248 exceptiones
1164 3180 1213 3230 aut
1230 3189 1346 3249 pereur-

273 3247 406 3327 ptoriae,
428 3267 501 3327 quae
521 3246 600 3306 litem
622 3245 779 3322 finiebant,
800 3262 850 3309 aut
870 3250 1037 3323 dilatoriae,
1058 3271 1132 3328 quae
1152 3264 1221 3311 eam'
1234 3262 1347 3310 tanturn

275 3328 457 3389 disserebant.
498 3330 579 3388 Reus
601 3343 696 3389 autem
718 3340 821 3401 contra
848 3332 992 3397 actionem
1011 3332 1050 3391 ita
1070 3351 1102 3391 se
1122 3331 1200 3391 tueri
1220 3342 1346 3411 poterat,

274 3422 309 3468 ut
328 3422 378 3469 aut
400 3410 507 3483 saetrrnr
527 3423 665 3492 negaret,
693 3423 744 3471 aut
762 3411 827 3479 inre
846 3406 953 3479 sactum
974 3434 1038 3475 esse
1057 3414 1266 3489 contenderet,
1297 3423 1347 3473 aut
1383 3454 1389 3466 .

274 3500 385 3557 novum
405 3492 669 3571 aliquid'aslerrct,
691 3514 752 3572 quo
773 3494 916 3565 actionem
933 3494 1065 3567 elideret,
1085 3512 1159 3574 quae
1180 3494 1256 3553 ratio
1274 3513 1346 3574 pro-

238 3569 243 3579 ’
274 3572 338 3653 prie
367 3578 502 3654 exceptio
527 3574 733 3656 appellabatur.
773 3573 821 3634 Cf.
849 3576 996 3636 Ecksteiu.
1022 3575 1058 3634 ad
1086 3574 1116 3635 b.
1143 3575 1162 3634 l.
1189 3575 1345 3636 Zimnreru.
1415 3607 1418 3612 ·

274 3655 362 3713 ltom.
390 3655 601 3737 Rechtsgescb.
630 3655 698 3715 Vol.
726 3658 773 3715 lll.
802 3655 830 3738 ξ.
852 3663 889 3716 ot
913 3680 956 3737 sq.
991 3658 1076 3718 Rein.
1105 3657 1346 3740 Rbm3Privalr.

275 3756 303 3813 p.
331 3739 391 3795 448
413 3759 455 3815 sq.
504 3738 656 3807 l‘orrnulas
684 3750 809 3823 exceptt.
835 3727 954 3819 vd‘ap.
990 3739 1124 3805 brisson.
1147 3739 1184 3798 de
1210 3737 1368 3820 torus..

274 3818 459 3876 tot-406.
501 3819 658 3878 »Formula
680 3820 709 3877 iu
731 3840 764 3878 re
784 3819 897 3879 sorensi
918 3834 963 3882 est
985 3821 1108 3895 modus,
1128 3840 1250 3896 norma,
1270 3821 1345 3881 ratio

274 3892 340 3976 lege
358 3899 535 3979 praescripta
555 3901 668 3967 sivein
688 3899 786 3961 verbis
807 3901 870 3961 sive
892 3901 923 3961 in
943 3902 1026 3964 [aeds
1041 3903 1195 3977 servanda,
1214 3913 1249 3962 ut
1268 3901 1343 3961 ritus

274 3988 304 4035 et
324 3976 397 4037 ratio
417 3990 677 4058 testamentorum„
706 3995 786 4044 certa
804 3994 835 4042 et
852 3997 991 4066 concepta
1011 3985 1099 4046 verba
1119 3984 1150 4044 in
1168 3981 1343 4057 actionibus,

273 4057 523 4137 stipulationibus,
543 4064 658 4127 iudiciis
678 4075 751 4125 ete«
788 4065 912 4123 Forccll.
933 4067 1008 4126 ltial.
1025 4063 1344 4146 attemptentur

271 4138 462 4211 formularum
490 4143 611 4209 exbibet
636 4145 697 4209 Cic.
727 4144 789 4205 Oll-
811 4146 835 4219 l,
865 4151 911 4205 12.
941 4149 991 4222 ΙΙΙ,
1011 4154 1062 4225 13.
1090 4153 1137 4207 15.
1160 4152 1207 4207 16.
1234 4145 1270 4206 al.
1296 4145 1343 4205 vd.

271 4219 344 4281 Ern.
365 4219 445 4289 ctu.
465 4222 527 4285 Cic.
549 4247 573 4287 s.
593 4248 620 4288 v.
662 4228 697 4287 lu
716 4225 833 4293 iudiciis
851 4247 943 4306 reru,
963 4226 1343 4303 resuscitantem,
