2968 4810
275 295 319 357 16
597 289 764 370 Dialogus*
777 289 817 352 de
840 287 1026 350 Oratoribus

271 475 338 552 pus
370 444 474 522 modo
506 443 595 518 eirca
623 441 805 536 Medeam,
832 469 909 518 ecce
938 470 1030 518 nunc
1055 442 1145 517 circa
1170 438 1353 546 Thyestem

355 635 439 693 eirea
459 629 598 691 Medeam
621 660 659 709 χ-
681 623 853 710 consumas]
885 628 1016 691 »Octavo
1035 626 1118 688 urhis
1138 625 1256 687 saeculo
1276 624 1356 686 desi-

275 706 430 775 derabatur
451 709 568 790 aliquod
588 706 781 785 vocabulum,
813 709 892 850 quod
915 711 951 769 ad
973 721 1139 790 respectum
1167 705 1379 789 alicuius-rei·

274 792 472 855 denotandum
494 812 600 871 graeco
620 793 686 851 nard
706 811 814 872 respon
836 802 907 851 eret.
956 790 1034 850 Huic
1054 788 1171 848 notioni
1189 799 1289 868 aptum
1310 788 1355 848 vi-

275 875 398 936 debatur
425 893 491 932 voc.
522 877 621 947 eirea,
652 872 731 952 quod
760 894 851 951 quum
871 871 1023 967 regionem
1049 871 1173 930 vicinam
1201 881 1231 929 et
1251 890 1298 928 res
1323 888 1356 930 se

274 955 452 1037 attingentes
479 951 677 1035 significaret,
708 952 793 1012 etiam
815 955 858 1030 de
871 954 958 1013 animi
975 952 1153 1035 cogitatione
1172 952 1207 1012 ad
1230 948 1356 1029 aliquam

272 1059 338 1097 rem
369 1035 459 1094 relata
481 1046 511 1095 et
533 1035 569 1094 de
596 1035 711 1094 actione
739 1055 772 1093 ac
799 1035 938 1116 negotio,
965 1035 996 1094 in
1026 1032 1085 1113 quo
1116 1032 1179 1112 quis
1209 1043 1355 1107 versatur,

276 1117 415 1198 usurpari
443 1125 567 1196 poterat.
617 1114 705 1174 Conf.
733 1117 770 1188 ll,
798 1122 825 1175 6.
853 1138 881 1197 p.
906 1123 954 1175 62.
980 1118 1156 1193 [uersari-
1179 1123 1356 1192 occupatum

276 1221 338 1259 esse
355 1203 437 1258 eirea
454 1197 537 1274 rem].
570 1198 612 1255 lta
628 1195 807 1271 factumest,
826 1208 861 1256 ut
880 1218 938 1256 una
958 1196 1028 1256 haec
1048 1194 1226 1277 praepositio
1245 1195 1357 1274 loquu-

275 1281 373 1341 tioues
393 1301 440 1339 eas
459 1277 740 1358 comprehenderet,
760 1276 791 1336 in'
812 1277 919 1357 quihus
936 1277 1116 1358 antiquiores
1135 1275 1294 1357 scriptores
1316 1280 1357 1352 in,

273 1364 332 1436 de,
366 1361 423 1431 ad,
457 1358 530 1434 e'rga
557 1359 723 1439 ponebant:
759 1362 833 1439 quae
866 1359 963 1419 omnia
991 1380 1175 1431 communem
1200 1356 1359 1418 admittunt

277 1442 430 1504 notionem
454 1441 575 1521 appropi
639 1440 754 1499 ationis.
803 1441 849 1499 De
877 1461 933 1520 qua
961 1462 994 1500 re
1019 1442 1156 1500 dixerunt
1183 1437 1291 1498 Duker.
1321 1439 1359 1499 ad

276 1525 529 1597 Flor.l,10,5.
566 1521 605 1581 Sc
628 1518 713 1580 aare.
736 1521 770 1581 ad
790 1518 865 1601 Phn.
883 1523 988 1605 Paneg.
1010 1527 1061 1596 95,
1084 1529 1110 1581 1.
1143 1523 1302 1580 Burmann.
1322 1520 1360 1580 ad
1391 1530 1398 1536 '

278 1604 406 1682 Quintil.
429 1602 557 1663 Declam.
580 1605 602 1677 l,
628 1607 675 1662 17.
693 1625 723 1683 p.
748 1609 833 1662 632«
869 1603 963 1662 Hand.
990 1604 1077 1662 Turs.
1105 1603 1173 1662 Vol.
1197 1603 1231 1660 ll.
1260 1622 1287 1682 p.
1310 1606 1358 1661 66.

276 1690 430 1766 Frequens
452 1696 498 1744 est
521 1683 569 1743 hic
589 1705 661 1743 usus
690 1685 767 1765 apud
788 1683 939 1744 Tacitum:
968 1684 1046 1744 Hist.
1066 1687 1090 1761 l,
1115 1689 1160 1743 13.
1190 1684 1223 1742 bi
1245 1684 1360 1765 discor-
1383 1698 1391 1705 “

279 1769 331 1828 des
353 1778 381 1825 et
404 1767 490 1828 rebus
510 1767 670 1825 minoribns
696 1767 755 1824 sibi
781 1769 899 1845 quisque
922 1765 1073 1825 tendentes
1100 1770 1182 1824 eirea
1207 1768 1360 1824 eonsilium

279 1848 407 1923 eligendi
416 1852 596 1906 successoris
613 1851 643 1905 in
657 1847 733 1906 dnos
749 1857 853 1928 partes
871 1848 1088 1907 scindebantur.
1115 1846 1229 1928 Dialog.
1248 1868 1292 1928 cp.
1310 1853 1359 1906 22.
1469 1916 1470 1919 Ἴ

279 1932 390 1991 otiosas
418 1933 501 1988 eirea
530 1949 684 1998 racemum
715 1930 791 2009 apud
814 1929 918 2004 Quint.
940 1929 980 2004 X,
1011 1933 1040 2003 1,
1067 1935 1116 1989 52.
1145 1939 1247 1987 tamen
1276 1930 1361 1988 utiles
1469 1926 1470 1937 ¹

279 2017 363 2072 eirea
387 2020 552 2092 praecepta
580 2014 743 2070 sententiae
767 2010 839 2090 ihiq.
867 2009 987 2071 Herbst.
1006 2010 1144 2070 Bonnell.
1162 2012 1231 2070 Lex.
1256 2010 1360 2084 Quint.

283 2116 307 2155 s.
321 2116 352 2154 r.

362 2222 430 2263 eece
456 2201 549 2284 nuno]
584 2203 729 2263 Particula
755 2225 823 2263 eece
842 2204 953 2265 mediae
975 2203 1103 2263 orationi
1123 2200 1297 2282 interposita
1316 2210 1360 2261 at·
1377 2210 1390 2229 ⁶

234 2297 253 2391 f
281 2284 445 2345 tentionem
467 2285 572 2344 excitat
597 2297 628 2344 et
648 2285 679 2345 in
700 2307 762 2345 rem
784 2286 1022 2363 considerandam
1044 2285 1163 2366 dirigit,
1185 2285 1267 2344 cuius
1289 2303 1361 2343 usus

226 2404 234 2441 Ι
282 2365 413 2446 exempla
441 2365 559 2448 collegit
587 2366 681 2451 Hand.
709 2369 797 2426 Turs.
822 2366 890 2426 Vol.
912 2368 945 2425 ll.
973 2390 1001 2447 p.
1024 2369 1083 2426 344
1104 2388 1146 2444 sq.
1195 2362 1256 2425 Cic.
1279 2364 1361 2423 Orat.
1468 2392 1469 2399 ¹

217 2456 226 2509 i
282 2453 332 2523 16,
353 2453 402 2506 53.
453 2446 619 2506 Elaborant
642 2450 697 2506 alii
714 2452 745 2506 in
765 2451 886 2507 lenitate
907 2459 937 2506 et
957 2448 1169 2524 aequabilitate
1190 2455 1219 2504 et
1237 2466 1313 2524 puro
1333 2454 1363 2505 et

281 2531 369 2608 quasi
387 2529 515 2606 quodam
536 2528 664 2589 candido
684 2550 792 2603 genere
816 2530 940 2588 dicendi.
989 2528 1068 2586 Ecce
1089 2529 1183 2605 aliqui
1201 2524 1363 2585 duritdtem

280 2620 310 2671 et
335 2613 521 2669 seueritatem
550 2611 699 2688 quandam
731 2612 823 2669 verbis
851 2621 881 2668 et
908 2612 1051 2669 orationis
1078 2613 1164 2687 quasi
1184 2611 1363 2667 moestitiam

281 2702 448 2770 sequnntur.
488 2691 534 2750 De
556 2692 638 2755 Orat.
660 2694 697 2766 ll,
719 2698 770 2766 22,
793 2697 841 2753 93.
884 2691 1039 2750 Consecuti
1062 2701 1134 2764 sunt·
1159 2690 1213 2748 bos
1241 2689 1362 2763 Critias,

283 2773 494 2844 Thaumante,
532 2772 647 2854 Lysias.
694 2775 794 2832 illnlta
821 2773 930 2854 Lysiae
958 2776 1072 2847 scripta
1104 2778 1189 2839 sunt‚·
1224 2772 1364 2828 nonnulla

283 2855 414 2922 Critiae‚·
445 2854 482 2912 de
509 2852 691 2913 Theramene
720 2855 893 2914 audiuimus.
915 2889 954 2904 -
995 2852 1075 2913 Ecce
1100 2854 1156 2911 tibi
1176 2861 1298 2910 exortia
1320 2859 1365 2911 est

281 2935 431 2997 Isocrates
450 2945 504 2993 etc.
756 2934 760 2939 ’

367 3042 536 3129 Thyestem]
560 3043 653 3106 Codd.
668 3048 732 3107 Par.
747 3046 835 3107 Viod.
849 3057 921 3107 vett.
937 3047 1010 3108 Edd.
1025 3045 1095 3124 [uisi
1109 3045 1190 3127 quod
1208 3044 1364 3123 lhimtem]

245 3152 247 3155 ’
282 3126 397 3187 Dronk.
429 3127 540 3186 Osann.
572 3127 665 3187 Orell.
695 3130 773 3208 Rup.
804 3128 920 3187 Walth.
975 3128 1117 3210 Thyesten
1153 3128 1218 3209 Bip.
1248 3125 1365 3193 Schola.

283 3207 408 3271 Bekher.
436 3207 522 3288 (num
542 3228 558 3268 e
578 3206 653 3268 Cod.
674 3208 798 3288 Parni)
825 3209 985 3271 Boettich..
1001 3209 1074 3269 Ritt.
1095 3210 1182 3285 Bach.
1233 3208 1282 3271 Oh
1304 3229 1366 3267 ma-

272 3311 370 3374 xgnam
394 3286 487 3348 Codd.
509 3289 731 3371 discrepantiam
753 3290 872 3351 difficile
892 3303 939 3351 est
965 3290 997 3350 in
1018 3291 1141 3374 singulis
1165 3289 1238 3351 locis
1266 3309 1366 3353 veram

285 3371 459 3450 scripturam
480 3368 634 3450 reponere
676 3374 792 3457 anppt.
813 3373 841 3455 ᾖ.
864 3379 911 3433 71.
934 3374 1021 3433 docet
1048 3384 1172 3434 accusat.
1200 3373 1230 3431 in
1251 3392 1287 3430 en
1310 3369 1367 3430 ob·

284 3451 410 3512 tinuisse
432 3452 463 3510 iu
483 3472 592 3512 nomm.
616 3454 890 3528 Graec'Aehilien,
918 3456 1085 3524 Aeschinen
1105 3468 1179 3528 eto,
1207 3453 1259 3513 sed
1279 3471 1366 3532 prae-

232 3560 236 3587 ²
284 3533 371 3677 tte
390 3533 422 3696 t
442 3554 551 3673 sss
570 3504 1135 3679 telstlttttatleta:
1149 3535 1366 3691 tantm

366 3659 372 3672 ·
416 3660 423 3671 0
487 3660 493 3672 ι
543 3660 550 3673 0
634 3661 640 3673 ι
677 3661 683 3673 ·
796 3663 802 3675 .
1061 3642 1078 3676 u

283 3695 385 3757 fuisse.
427 3696 542 3755 Nomm.
575 3695 680 3756 Graec.
706 3718 800 3756 accus.
831 3699 862 3757 in
893 3708 937 3756 ern
970 3720 1013 3777 ap.
1044 3698 1134 3756 Tacit.
1163 3693 1364 3772 frequentior:

288 3777 405 3842 Ulixem
435 3777 536 3835 Germ.
564 3782 591 3835 3.
626 3779 807 3836 Simonidem
830 3812 866 3822 -
888 3778 1083 3836 Palamedem
1112 3779 1190 3835 Aun.
1218 3777 1271 3847 xl,
1301 3777 1365 3845 14.;
1417 3787 1418 3795 ’

178 3866 186 3877 ’
286 3869 316 3921 at
335 3874 444 3917 nomm.
466 3854 657 3939 harbarorum
678 3859 710 3916 in
730 3858 784 3919 en:
814 3859 945 3918 Erinden
968 3890 1003 3903 -
1026 3860 1134 3917 Sinden
1158 3890 1194 3901 -
1217 3855 1367 3916 Gotarzen

288 3950 326 4006 ἶ·-
347 3936 544 3998 Meherdaten
562 3936 784 4011 Ann.x1,1o.
828 3940 1052 3998 Ariobarzanen
1074 3942 1110 4010 ll,
1132 3941 1160 3997 4.
1202 3939 1257 3997 Vd.
1276 3935 1366 3997 Bach.
1466 3940 1467 3943 ’

286 4019 424 4100 Prolegg.
446 4017 482 4077 ad
503 4017 594 4077 Tacit.
616 4019 683 4076 Vol.
706 4022 739 4078 ll.
761 4043 790 4100 p.
811 4022 890 4080 xvt.
932 4020 1021 4100 Apud
1043 4018 1168 4096 Quintil.
1191 4031 1293 4078 contra
1313 4039 1365 4078 ex-

288 4090 475 4183 statlllioen
493 4101 567 4174 t‚'4,
592 4104 638 4159 16.
659 4097 739 4180 (add.
767 4100 923 4169 Dederich.
953 4114 1015 4162 not.
1041 4104 1104 4162 crit.
1132 4099 1168 4161 ad
1187 4101 1265 4160 Dici.
1287 4096 1367 4159 Cret.

285 4180 340 4260 vl,
358 4179 403 4261 6.)
444 4179 632 4242 Palameden
652 4183 704 4260 ΙΙΙ,
727 4186 827 4261 1,1o.
855 4183 892 4245 cf.
913 4185 1050 4253 Bonnell.
1068 4186 1207 4273 Prolegg.
1235 4183 1271 4243 ad
1296 4182 1367 4242 Lex.
