<?xml version="1.0" encoding="UTF-8"?>
<!DOCTYPE html PUBLIC "-//W3C//DTD XHTML 1.0 Transitional//EN"
    "http://www.w3.org/TR/xhtml1/DTD/xhtml1-transitional.dtd">
<html xmlns="http://www.w3.org/1999/xhtml" xml:lang="en" lang="en">
 <head>
  <title>
</title>
<meta http-equiv="Content-Type" content="text/html;charset=utf-8" />
  <meta name='ocr-system' content='tesseract 3.04.00' />
  <meta name='ocr-capabilities' content='ocr_page ocr_carea ocr_par ocr_line ocrx_word'/>
</head>
<body>
  <div class='ocr_page' id='page_1' title='image "./ccorneliitaciti00hessgoog_0131.png"; bbox 0 0 2970 4808; ppageno 0'>
   <div class='ocr_carea' id='block_1_1' title="bbox 266 213 1026 298">
    <p class='ocr_par' dir='ltr' id='par_1_1' title="bbox 266 213 1026 298">
     <span class='ocr_line' id='line_1_1' title="bbox 266 213 1026 298; baseline -0.005 -17"><span class='ocrx_word' id='word_1_1' title='bbox 266 216 313 281; x_wconf 81' lang='lat'><strong>96</strong></span> <span class='ocrx_word' id='word_1_2' title='bbox 598 215 759 298; x_wconf 68' lang='lat' dir='ltr'><strong>Dialogus</strong></span> <span class='ocrx_word' id='word_1_3' title='bbox 780 216 818 277; x_wconf 81' lang='lat' dir='ltr'><strong>ds</strong></span> <span class='ocrx_word' id='word_1_4' title='bbox 840 213 1026 278; x_wconf 75' lang='lat' dir='ltr'><em>Oratoribus</em></span> 
     </span>
    </p>
   </div>
   <div class='ocr_carea' id='block_1_2' title="bbox 266 365 1352 867">
    <p class='ocr_par' dir='ltr' id='par_1_2' title="bbox 266 365 1352 867">
     <span class='ocr_line' id='line_1_2' title="bbox 266 365 1352 475; baseline 0.001 -28"><span class='ocrx_word' id='word_1_5' title='bbox 266 371 398 475; x_wconf 82' lang='lat' dir='ltr'>Aprum</span> <span class='ocrx_word' id='word_1_6' title='bbox 417 371 504 444; x_wconf 89' lang='lat' dir='ltr'><strong>enim</strong></span> <span class='ocrx_word' id='word_1_7' title='bbox 524 366 632 442; x_wconf 85' lang='lat' dir='ltr'><strong>solere</strong></span> <span class='ocrx_word' id='word_1_8' title='bbox 654 367 838 444; x_wconf 85' lang='lat' dir='ltr'><strong>dissentire·</strong></span> <span class='ocrx_word' id='word_1_9' title='bbox 855 387 886 444; x_wconf 83' lang='lat' dir='ltr'><strong>et</strong></span> <span class='ocrx_word' id='word_1_10' title='bbox 902 387 938 443; x_wconf 89' lang='lat' dir='ltr'><strong>tu</strong></span> <span class='ocrx_word' id='word_1_11' title='bbox 956 370 1058 471; x_wconf 81' lang='lat' dir='ltr'><strong>paulo</strong></span> <span class='ocrx_word' id='word_1_12' title='bbox 1076 387 1152 446; x_wconf 84' lang='lat' dir='ltr'><strong>ante</strong></span> <span class='ocrx_word' id='word_1_13' title='bbox 1168 365 1293 462; x_wconf 85' lang='lat' dir='ltr'><strong>dixisti,</strong></span> <span class='ocrx_word' id='word_1_14' title='bbox 1316 386 1352 448; x_wconf 85' lang='lat' dir='ltr'><strong>et</strong></span> 
     </span>
     <span class='ocr_line' id='line_1_3' title="bbox 267 467 1351 573; baseline 0 -28"><span class='ocrx_word' id='word_1_15' title='bbox 267 474 341 573; x_wconf 87' lang='lat' dir='ltr'><strong>ipse</strong></span> <span class='ocrx_word' id='word_1_16' title='bbox 357 471 438 544; x_wconf 82' lang='lat' dir='ltr'><strong>satis</strong></span> <span class='ocrx_word' id='word_1_17' title='bbox 455 467 652 542; x_wconf 78' lang='lat' dir='ltr'><strong>manifestus</strong></span> <span class='ocrx_word' id='word_1_18' title='bbox 670 484 720 541; x_wconf 91' lang='lat' dir='ltr'><strong>est</strong></span> <span class='ocrx_word' id='word_1_19' title='bbox 737 469 933 543; x_wconf 83' lang='lat' dir='ltr'><strong>iamdudum</strong></span> <span class='ocrx_word' id='word_1_20' title='bbox 947 470 983 543; x_wconf 87' lang='lat' dir='ltr'><strong>in</strong></span> <span class='ocrx_word' id='word_1_21' title='bbox 998 470 1202 547; x_wconf 84' lang='lat' dir='ltr'><strong>contrarium</strong></span> <span class='ocrx_word' id='word_1_22' title='bbox 1218 472 1351 570; x_wconf 82' lang='lat' dir='ltr'>accingi</span> 
     </span>
     <span class='ocr_line' id='line_1_4' title="bbox 267 567 1351 670; baseline 0.001 -25"><span class='ocrx_word' id='word_1_23' title='bbox 267 598 329 645; x_wconf 92' lang='lat' dir='ltr'><strong>nec</strong></span> <span class='ocrx_word' id='word_1_24' title='bbox 348 595 456 669; x_wconf 84' lang='lat' dir='ltr'><strong>aequo</strong></span> <span class='ocrx_word' id='word_1_25' title='bbox 476 567 587 640; x_wconf 85' lang='lat' dir='ltr'><strong>animo</strong></span> <span class='ocrx_word' id='word_1_26' title='bbox 610 568 761 668; x_wconf 82' lang='lat' dir='ltr'><strong>perferre</strong></span> <span class='ocrx_word' id='word_1_27' title='bbox 778 567 864 642; x_wconf 86' lang='lat' dir='ltr'><strong>hanc</strong></span> <span class='ocrx_word' id='word_1_28' title='bbox 881 586 1029 642; x_wconf 87' lang='lat' dir='ltr'><strong>nostram</strong></span> <span class='ocrx_word' id='word_1_29' title='bbox 1048 596 1112 670; x_wconf 90' lang='lat' dir='ltr'><strong>pro</strong></span> <span class='ocrx_word' id='word_1_30' title='bbox 1132 570 1351 670; x_wconf 85' lang='lat' dir='ltr'><strong>antiquorum</strong></span> 
     </span>
     <span class='ocr_line' id='line_1_5' title="bbox 267 665 1350 768; baseline 0.002 -26"><span class='ocrx_word' id='word_1_31' title='bbox 267 669 366 767; x_wconf 83' lang='lat' dir='ltr'><strong>laude</strong></span> <span class='ocrx_word' id='word_1_32' title='bbox 393 665 616 740; x_wconf 77' lang='lat' dir='ltr'><strong>concordiam.</strong></span> <span class='ocrx_word' id='word_1_33' title='bbox 667 669 745 739; x_wconf 89' lang='lat' dir='ltr'><strong>Non</strong></span> <span class='ocrx_word' id='word_1_34' title='bbox 760 668 867 757; x_wconf 79' lang='lat' dir='ltr'><strong>enirn,</strong></span> <span class='ocrx_word' id='word_1_35' title='bbox 889 668 998 768; x_wconf 89' lang='lat' dir='ltr'><strong>inquit</strong></span> <span class='ocrx_word' id='word_1_36' title='bbox 1022 671 1054 741; x_wconf 89' lang='lat' dir='ltr'><strong>A</strong></span> <span class='ocrx_word' id='word_1_37' title='bbox 1080 696 1133 756; x_wconf 88' lang='lat' dir='ltr'><strong>er,</strong></span> <span class='ocrx_word' id='word_1_38' title='bbox 1150 667 1350 761; x_wconf 33' lang='lat' dir='ltr'><strong>‚inauditum</strong></span> 
     </span>
     <span class='ocr_line' id='line_1_6' title="bbox 268 697 1351 867; baseline -0.001 -24"><span class='ocrx_word' id='word_1_39' title='bbox 268 787 301 843; x_wconf 87' lang='lat' dir='ltr'><strong>et</strong></span> <span class='ocrx_word' id='word_1_40' title='bbox 324 766 537 839; x_wconf 77' lang='lat' dir='ltr'><strong>indefensum</strong></span> <span class='ocrx_word' id='word_1_41' title='bbox 559 766 729 839; x_wconf 86' lang='lat' dir='ltr'><strong>saeculnm</strong></span> <span class='ocrx_word' id='word_1_42' title='bbox 752 784 904 840; x_wconf 84' lang='lat' dir='ltr'><strong>nostrum</strong></span> <span class='ocrx_word' id='word_1_43' title='bbox 923 768 1032 867; x_wconf 81' lang='lat' dir='ltr'><strong>patiar</strong></span> <span class='ocrx_word' id='word_1_44' title='bbox 1052 697 1115 841; x_wconf 67' lang='lat' dir='ltr'><strong>bac</strong></span> <span class='ocrx_word' id='word_1_45' title='bbox 1136 784 1245 841; x_wconf 86' lang='lat' dir='ltr'><strong>vestra</strong></span> <span class='ocrx_word' id='word_1_46' title='bbox 1266 797 1351 842; x_wconf 90' lang='lat' dir='ltr'><strong>con-</strong></span> 
     </span>
    </p>
   </div>
   <div class='ocr_carea' id='block_1_3' title="bbox 231 934 1462 3138">
    <p class='ocr_par' dir='ltr' id='par_1_3' title="bbox 231 934 1462 3138">
     <span class='ocr_line' id='line_1_7' title="bbox 266 934 1351 1033; baseline 0.002 -35"><span class='ocrx_word' id='word_1_47' title='bbox 266 934 483 1019; x_wconf 79' lang='lat' dir='ltr'><strong>relinquendum</strong></span> <span class='ocrx_word' id='word_1_48' title='bbox 504 945 562 1033; x_wconf 46' lang='lat'><strong>⁶⁸4.</strong></span> <span class='ocrx_word' id='word_1_49' title='bbox 578 935 666 997; x_wconf 78' lang='lat' dir='ltr'><strong>Offae.</strong></span> <span class='ocrx_word' id='word_1_50' title='bbox 689 937 739 1012; x_wconf 82' lang='grc' dir='ltr'>ΙΙΙ,</span> <span class='ocrx_word' id='word_1_51' title='bbox 762 942 790 996; x_wconf 87' lang='grc'><strong>2.</strong></span> <span class='ocrx_word' id='word_1_52' title='bbox 811 940 864 1018; x_wconf 79' lang='lat' dir='ltr'><strong>qui</strong></span> <span class='ocrx_word' id='word_1_53' title='bbox 881 946 1007 1011; x_wconf 76' lang='lat' dir='ltr'><strong>negant,</strong></span> <span class='ocrx_word' id='word_1_54' title='bbox 1038 956 1107 1008; x_wconf 41' lang='lat' dir='ltr'><strong>enm,</strong></span> <span class='ocrx_word' id='word_1_55' title='bbox 1125 938 1220 998; x_wconf 81' lang='lat' dir='ltr'><strong>locum</strong></span> <span class='ocrx_word' id='word_1_56' title='bbox 1242 957 1264 997; x_wconf 85' lang='lat' dir='ltr'><strong>a</strong></span> <span class='ocrx_word' id='word_1_57' title='bbox 1282 938 1351 1000; x_wconf 82' lang='lat' dir='ltr'><strong>Pu-</strong></span> 
     </span>
     <span class='ocr_line' id='line_1_8' title="bbox 266 1017 1358 1098; baseline 0 -19"><span class='ocrx_word' id='word_1_58' title='bbox 266 1023 365 1079; x_wconf 85' lang='lat' dir='ltr'><strong>naetio</strong></span> <span class='ocrx_word' id='word_1_59' title='bbox 385 1039 440 1077; x_wconf 88' lang='lat' dir='ltr'><strong>non</strong></span> <span class='ocrx_word' id='word_1_60' title='bbox 456 1022 717 1098; x_wconf 80' lang='lat' dir='ltr'><strong>praetermissum,</strong></span> <span class='ocrx_word' id='word_1_61' title='bbox 737 1017 792 1076; x_wconf 87' lang='lat' dir='ltr'><strong>sed</strong></span> <span class='ocrx_word' id='word_1_62' title='bbox 812 1020 942 1077; x_wconf 85' lang='lat' dir='ltr'><strong>consultu</strong></span> <span class='ocrx_word' id='word_1_63' title='bbox 964 1019 1103 1077; x_wconf 84' lang='lat' dir='ltr'><strong>relietum.</strong></span> <span class='ocrx_word' id='word_1_64' title='bbox 1186 1026 1189 1027; x_wconf 46' lang='lat'><em>⁷</em></span> <span class='ocrx_word' id='word_1_65' title='bbox 1348 1021 1358 1079; x_wconf 76' lang='grc'><strong>.’</strong></span> 
     </span>
     <span class='ocr_line' id='line_1_9' title="bbox 345 1099 1350 1182; baseline 0.005 -23"><span class='ocrx_word' id='word_1_66' title='bbox 345 1100 463 1180; x_wconf 84' lang='lat' dir='ltr'><strong>Aprum</strong></span> <span class='ocrx_word' id='word_1_67' title='bbox 482 1100 569 1177; x_wconf 88' lang='lat' dir='ltr'><strong>enim]</strong></span> <span class='ocrx_word' id='word_1_68' title='bbox 610 1099 705 1159; x_wconf 88' lang='lat' dir='ltr'><strong>Haud.</strong></span> <span class='ocrx_word' id='word_1_69' title='bbox 731 1100 821 1159; x_wconf 86' lang='lat' dir='ltr'><strong>Turs.</strong></span> <span class='ocrx_word' id='word_1_70' title='bbox 847 1099 916 1159; x_wconf 82' lang='lat' dir='ltr'><strong>Vol.</strong></span> <span class='ocrx_word' id='word_1_71' title='bbox 944 1101 979 1158; x_wconf 90' lang='lat' dir='ltr'><strong>ll.</strong></span> <span class='ocrx_word' id='word_1_72' title='bbox 1006 1121 1035 1181; x_wconf 86' lang='lat' dir='ltr'><strong>p.</strong></span> <span class='ocrx_word' id='word_1_73' title='bbox 1063 1105 1133 1159; x_wconf 79' lang='lat'><strong>382.</strong></span> <span class='ocrx_word' id='word_1_74' title='bbox 1180 1101 1289 1182; x_wconf 83' lang='lat' dir='ltr'><strong>»Saepe</strong></span> <span class='ocrx_word' id='word_1_75' title='bbox 1316 1101 1350 1164; x_wconf 89' lang='lat' dir='ltr'><strong>in</strong></span> 
     </span>
     <span class='ocr_line' id='line_1_10' title="bbox 267 1179 1350 1260; baseline 0.002 -18"><span class='ocrx_word' id='word_1_76' title='bbox 267 1181 519 1243; x_wconf 78' lang='lat' dir='ltr'><strong>demonstratione</strong></span> <span class='ocrx_word' id='word_1_77' title='bbox 540 1179 663 1241; x_wconf 88' lang='lat' dir='ltr'><strong>alicuius</strong></span> <span class='ocrx_word' id='word_1_78' title='bbox 685 1179 730 1240; x_wconf 86' lang='lat' dir='ltr'><strong>rei</strong></span> <span class='ocrx_word' id='word_1_79' title='bbox 750 1180 846 1240; x_wconf 83' lang='lat' dir='ltr'><strong>oratio</strong></span> <span class='ocrx_word' id='word_1_80' title='bbox 867 1202 904 1240; x_wconf 84' lang='lat' dir='ltr'><strong>ex</strong></span> <span class='ocrx_word' id='word_1_81' title='bbox 923 1181 1069 1241; x_wconf 81' lang='lat' dir='ltr'><strong>sententia</strong></span> <span class='ocrx_word' id='word_1_82' title='bbox 1087 1180 1182 1260; x_wconf 86' lang='lat' dir='ltr'><strong>aliqua</strong></span> <span class='ocrx_word' id='word_1_83' title='bbox 1209 1185 1245 1243; x_wconf 87' lang='lat' dir='ltr'><strong>ad</strong></span> <span class='ocrx_word' id='word_1_84' title='bbox 1264 1183 1350 1244; x_wconf 79' lang='lat' dir='ltr'><strong>aliana</strong></span> 
     </span>
     <span class='ocr_line' id='line_1_11' title="bbox 265 1260 1351 1347; baseline 0.002 -24"><span class='ocrx_word' id='word_1_85' title='bbox 265 1262 501 1345; x_wconf 73' lang='lat' dir='ltr'><strong>transgreditur,</strong></span> <span class='ocrx_word' id='word_1_86' title='bbox 529 1283 603 1343; x_wconf 84' lang='lat' dir='ltr'><strong>quae</strong></span> <span class='ocrx_word' id='word_1_87' title='bbox 623 1273 674 1323; x_wconf 87' lang='lat' dir='ltr'><strong>ant</strong></span> <span class='ocrx_word' id='word_1_88' title='bbox 699 1261 853 1322; x_wconf 81' lang='lat' dir='ltr'><strong>veritatem</strong></span> <span class='ocrx_word' id='word_1_89' title='bbox 881 1261 967 1325; x_wconf 81' lang='lat' dir='ltr'><strong>istius</strong></span> <span class='ocrx_word' id='word_1_90' title='bbox 996 1260 1166 1344; x_wconf 83' lang='lat' dir='ltr'><strong>diligentins</strong></span> <span class='ocrx_word' id='word_1_91' title='bbox 1193 1264 1351 1347; x_wconf 88' lang='lat' dir='ltr'><strong>persequi-</strong></span> 
     </span>
     <span class='ocr_line' id='line_1_12' title="bbox 266 1342 1460 1424; baseline 0.001 -18"><span class='ocrx_word' id='word_1_92' title='bbox 266 1358 336 1420; x_wconf 83' lang='lat' dir='ltr'><strong>tur,</strong></span> <span class='ocrx_word' id='word_1_93' title='bbox 357 1355 408 1422; x_wconf 78' lang='lat' dir='ltr'><strong>aut</strong></span> <span class='ocrx_word' id='word_1_94' title='bbox 427 1342 536 1423; x_wconf 81' lang='lat' dir='ltr'><strong>aliquid</strong></span> <span class='ocrx_word' id='word_1_95' title='bbox 557 1342 693 1418; x_wconf 85' lang='lat' dir='ltr'><strong>declarat,</strong></span> <span class='ocrx_word' id='word_1_96' title='bbox 716 1342 879 1422; x_wconf 86' lang='lat' dir='ltr'><strong>quodcum</strong></span> <span class='ocrx_word' id='word_1_97' title='bbox 899 1365 932 1405; x_wconf 81' lang='lat' dir='ltr'><strong>ea</strong></span> <span class='ocrx_word' id='word_1_98' title='bbox 952 1343 1097 1404; x_wconf 78' lang='lat' dir='ltr'><strong>cohaeret.</strong></span> <span class='ocrx_word' id='word_1_99' title='bbox 1140 1345 1172 1403; x_wconf 95' lang='lat' dir='ltr'><strong>ln</strong></span> <span class='ocrx_word' id='word_1_100' title='bbox 1188 1367 1248 1424; x_wconf 89' lang='lat' dir='ltr'><strong>quo</strong></span> <span class='ocrx_word' id='word_1_101' title='bbox 1269 1368 1350 1407; x_wconf 79' lang='lat' dir='ltr'><strong>nexu</strong></span> <span class='ocrx_word' id='word_1_102' title='bbox 1459 1368 1460 1397; x_wconf 65' lang='lat' dir='ltr'><strong>t</strong></span> 
     </span>
     <span class='ocr_line' id='line_1_13' title="bbox 266 1424 1351 1509; baseline 0.001 -21"><span class='ocrx_word' id='word_1_103' title='bbox 266 1447 323 1488; x_wconf 88' lang='lat' dir='ltr'><strong>nos</strong></span> <span class='ocrx_word' id='word_1_104' title='bbox 345 1424 551 1507; x_wconf 75' lang='lat' dir='ltr'><strong>disputationis</strong></span> <span class='ocrx_word' id='word_1_105' title='bbox 570 1438 763 1508; x_wconf 81' lang='lat' dir='ltr'><strong>progressum</strong></span> <span class='ocrx_word' id='word_1_106' title='bbox 783 1424 937 1509; x_wconf 83' lang='lat' dir='ltr'><strong>designare</strong></span> <span class='ocrx_word' id='word_1_107' title='bbox 958 1436 989 1486; x_wconf 85' lang='lat' dir='ltr'><strong>et</strong></span> <span class='ocrx_word' id='word_1_108' title='bbox 1014 1424 1164 1486; x_wconf 80' lang='lat' dir='ltr'><strong>vocabulis</strong></span> <span class='ocrx_word' id='word_1_109' title='bbox 1185 1450 1260 1501; x_wconf 84' lang='lat' dir='ltr'><strong>nun,</strong></span> <span class='ocrx_word' id='word_1_110' title='bbox 1288 1450 1351 1489; x_wconf 82' lang='lat' dir='ltr'><strong>nun</strong></span> 
     </span>
     <span class='ocr_line' id='line_1_14' title="bbox 266 1505 1150 1570; baseline -0.005 0"><span class='ocrx_word' id='word_1_111' title='bbox 266 1509 340 1570; x_wconf 79' lang='lat' dir='ltr'><strong>aber</strong></span> <span class='ocrx_word' id='word_1_112' title='bbox 359 1507 406 1569; x_wconf 91' lang='lat' dir='ltr'><strong>nti</strong></span> <span class='ocrx_word' id='word_1_113' title='bbox 424 1505 579 1569; x_wconf 74' lang='lat' dir='ltr'><strong>solemus«</strong></span> <span class='ocrx_word' id='word_1_114' title='bbox 696 1547 699 1551; x_wconf 67' lang='lat'>,</span> <span class='ocrx_word' id='word_1_115' title='bbox 1149 1534 1150 1539; x_wconf 44' lang='lat'>¹</span> 
     </span>
     <span class='ocr_line' id='line_1_15' title="bbox 351 1593 1350 1678; baseline -0.001 -20"><span class='ocrx_word' id='word_1_116' title='bbox 351 1607 381 1658; x_wconf 87' lang='lat' dir='ltr'><strong>et</strong></span> <span class='ocrx_word' id='word_1_117' title='bbox 401 1599 462 1678; x_wconf 86' lang='lat' dir='ltr'><strong>ipse</strong></span> <span class='ocrx_word' id='word_1_118' title='bbox 483 1597 559 1654; x_wconf 83' lang='lat' dir='ltr'><strong>satis</strong></span> <span class='ocrx_word' id='word_1_119' title='bbox 579 1593 752 1673; x_wconf 59' lang='lat' dir='ltr'><strong>manryestus</strong></span> <span class='ocrx_word' id='word_1_120' title='bbox 772 1604 816 1654; x_wconf 88' lang='lat' dir='ltr'><strong>est</strong></span> <span class='ocrx_word' id='word_1_121' title='bbox 836 1595 1009 1655; x_wconf 81' lang='lat' dir='ltr'><strong>iamdudum</strong></span> <span class='ocrx_word' id='word_1_122' title='bbox 1038 1598 1069 1654; x_wconf 90' lang='lat' dir='ltr'><strong>in</strong></span> <span class='ocrx_word' id='word_1_123' title='bbox 1089 1599 1269 1656; x_wconf 74' lang='lat' dir='ltr'><strong>mnirarium</strong></span> <span class='ocrx_word' id='word_1_124' title='bbox 1294 1617 1350 1658; x_wconf 86' lang='lat' dir='ltr'><strong>ac-</strong></span> 
     </span>
     <span class='ocr_line' id='line_1_16' title="bbox 268 1676 1348 1758; baseline -0.001 -19"><span class='ocrx_word' id='word_1_125' title='bbox 268 1680 358 1756; x_wconf 74' lang='lat' dir='ltr'><strong>cingi]</strong></span> <span class='ocrx_word' id='word_1_126' title='bbox 398 1679 555 1737; x_wconf 73' lang='lat' dir='ltr'><strong>structura</strong></span> <span class='ocrx_word' id='word_1_127' title='bbox 581 1676 683 1736; x_wconf 89' lang='lat' dir='ltr'><strong>adiect.</strong></span> <span class='ocrx_word' id='word_1_128' title='bbox 711 1677 884 1755; x_wconf 80' lang='lat' dir='ltr'><strong>manifestus</strong></span> <span class='ocrx_word' id='word_1_129' title='bbox 912 1697 937 1736; x_wconf 86' lang='lat' dir='ltr'><strong>c.</strong></span> <span class='ocrx_word' id='word_1_130' title='bbox 955 1677 1063 1736; x_wconf 87' lang='lat' dir='ltr'><strong>infinit.</strong></span> <span class='ocrx_word' id='word_1_131' title='bbox 1086 1676 1170 1738; x_wconf 78' lang='lat' dir='ltr'><strong>sctis.</strong></span> <span class='ocrx_word' id='word_1_132' title='bbox 1192 1688 1222 1737; x_wconf 89' lang='lat' dir='ltr'><strong>et</strong></span> <span class='ocrx_word' id='word_1_133' title='bbox 1240 1677 1348 1758; x_wconf 76' lang='lat' dir='ltr'><strong>passis.</strong></span> 
     </span>
     <span class='ocr_line' id='line_1_17' title="bbox 269 1756 1461 1840; baseline -0.001 -19"><span class='ocrx_word' id='word_1_134' title='bbox 269 1772 316 1822; x_wconf 89' lang='lat' dir='ltr'><strong>est</strong></span> <span class='ocrx_word' id='word_1_135' title='bbox 336 1761 464 1831; x_wconf 84' lang='lat' dir='ltr'><strong>Graeca,</strong></span> <span class='ocrx_word' id='word_1_136' title='bbox 487 1758 539 1817; x_wconf 91' lang='lat' dir='ltr'><strong>sed</strong></span> <span class='ocrx_word' id='word_1_137' title='bbox 556 1757 663 1819; x_wconf 82' lang='lat' dir='ltr'><strong>usitata</strong></span> <span class='ocrx_word' id='word_1_138' title='bbox 681 1758 778 1838; x_wconf 83' lang='lat' dir='ltr'><strong>poetis</strong></span> <span class='ocrx_word' id='word_1_139' title='bbox 792 1756 902 1818; x_wconf 84' lang='lat' dir='ltr'><strong>Latinis</strong></span> <span class='ocrx_word' id='word_1_140' title='bbox 917 1769 949 1818; x_wconf 88' lang='lat' dir='ltr'><strong>et</strong></span> <span class='ocrx_word' id='word_1_141' title='bbox 963 1758 1157 1840; x_wconf 82' lang='lat' dir='ltr'><strong>scriptoribus</strong></span> <span class='ocrx_word' id='word_1_142' title='bbox 1172 1758 1351 1840; x_wconf 82' lang='lat' dir='ltr'><strong>posteriori·</strong></span> <span class='ocrx_word' id='word_1_143' title='bbox 1460 1768 1461 1811; x_wconf 75' lang='grc' dir='ltr'>ἕ</span> 
     </span>
     <span class='ocr_line' id='line_1_18' title="bbox 267 1838 1403 1922; baseline -0.002 -19"><span class='ocrx_word' id='word_1_144' title='bbox 267 1843 324 1903; x_wconf 88' lang='lat' dir='ltr'><strong>bns</strong></span> <span class='ocrx_word' id='word_1_145' title='bbox 348 1841 396 1902; x_wconf 78' lang='lat' dir='ltr'><strong>vd.</strong></span> <span class='ocrx_word' id='word_1_146' title='bbox 424 1839 527 1899; x_wconf 84' lang='lat' dir='ltr'><strong>llatth.</strong></span> <span class='ocrx_word' id='word_1_147' title='bbox 553 1838 608 1899; x_wconf 88' lang='lat' dir='ltr'><strong>Gr.</strong></span> <span class='ocrx_word' id='word_1_148' title='bbox 629 1839 683 1899; x_wconf 88' lang='lat' dir='ltr'><strong>Gr.</strong></span> <span class='ocrx_word' id='word_1_149' title='bbox 710 1839 738 1922; x_wconf 65' lang='grc' dir='ltr'><strong>ξ</strong></span> <span class='ocrx_word' id='word_1_150' title='bbox 761 1846 830 1901; x_wconf 80' lang='grc'><strong>335.</strong></span> <span class='ocrx_word' id='word_1_151' title='bbox 857 1839 1001 1900; x_wconf 86' lang='lat' dir='ltr'><strong>Vecbner.</strong></span> <span class='ocrx_word' id='word_1_152' title='bbox 1021 1839 1206 1901; x_wconf 82' lang='lat' dir='ltr'><strong>Hellenolex.</strong></span> <span class='ocrx_word' id='word_1_153' title='bbox 1228 1863 1257 1922; x_wconf 84' lang='lat' dir='ltr'><strong>p.</strong></span> <span class='ocrx_word' id='word_1_154' title='bbox 1279 1846 1350 1901; x_wconf 77' lang='grc'><strong>303.</strong></span> <span class='ocrx_word' id='word_1_155' title='bbox 1397 1908 1403 1917; x_wconf 63' lang='lat'><strong>.</strong></span> 
     </span>
     <span class='ocr_line' id='line_1_19' title="bbox 269 1920 1350 2005; baseline -0.003 -21"><span class='ocrx_word' id='word_1_156' title='bbox 269 1925 314 1984; x_wconf 84' lang='lat' dir='ltr'><strong>ed</strong></span> <span class='ocrx_word' id='word_1_157' title='bbox 336 1925 426 1983; x_wconf 87' lang='lat' dir='ltr'><strong>Heus.</strong></span> <span class='ocrx_word' id='word_1_158' title='bbox 450 1920 509 1981; x_wconf 86' lang='lat' dir='ltr'><strong>lani</strong></span> <span class='ocrx_word' id='word_1_159' title='bbox 531 1920 630 1980; x_wconf 86' lang='lat' dir='ltr'><strong>Grarn.</strong></span> <span class='ocrx_word' id='word_1_160' title='bbox 652 1933 732 2003; x_wconf 85' lang='lat' dir='ltr'><strong>poet.</strong></span> <span class='ocrx_word' id='word_1_161' title='bbox 751 1943 780 2003; x_wconf 89' lang='lat' dir='ltr'><strong>p.</strong></span> <span class='ocrx_word' id='word_1_162' title='bbox 803 1924 861 1983; x_wconf 73' lang='lat'><strong>1⁴5</strong></span> <span class='ocrx_word' id='word_1_163' title='bbox 882 1940 926 2002; x_wconf 87' lang='lat' dir='ltr'><strong>sq.</strong></span> <span class='ocrx_word' id='word_1_164' title='bbox 953 1921 1128 1982; x_wconf 83' lang='lat' dir='ltr'><strong>Ramsborn.</strong></span> <span class='ocrx_word' id='word_1_165' title='bbox 1156 1922 1211 1982; x_wconf 91' lang='lat' dir='ltr'><strong>Gr.</strong></span> <span class='ocrx_word' id='word_1_166' title='bbox 1231 1922 1259 2005; x_wconf 55' lang='grc' dir='ltr'><strong>ᾖ.</strong></span> <span class='ocrx_word' id='word_1_167' title='bbox 1281 1928 1350 1985; x_wconf 85' lang='grc'><strong>168.</strong></span> 
     </span>
     <span class='ocr_line' id='line_1_20' title="bbox 266 2002 1451 2086; baseline 0.001 -20"><span class='ocrx_word' id='word_1_168' title='bbox 266 2006 304 2066; x_wconf 87' lang='lat' dir='ltr'><strong>N.</strong></span> <span class='ocrx_word' id='word_1_169' title='bbox 326 2011 354 2064; x_wconf 89' lang='grc'><strong>2.</strong></span> <span class='ocrx_word' id='word_1_170' title='bbox 375 2002 506 2063; x_wconf 70' lang='lat' dir='ltr'><strong>baruch.</strong></span> <span class='ocrx_word' id='word_1_171' title='bbox 521 2003 591 2062; x_wconf 82' lang='lat' dir='ltr'><strong>Lex.</strong></span> <span class='ocrx_word' id='word_1_172' title='bbox 610 2004 679 2062; x_wconf 86' lang='lat' dir='ltr'><strong>Tac.</strong></span> <span class='ocrx_word' id='word_1_173' title='bbox 700 2026 728 2084; x_wconf 89' lang='lat' dir='ltr'><strong>p.</strong></span> <span class='ocrx_word' id='word_1_174' title='bbox 746 2007 815 2063; x_wconf 81' lang='grc'><strong>265.</strong></span> <span class='ocrx_word' id='word_1_175' title='bbox 836 2003 946 2085; x_wconf 84' lang='lat' dir='ltr'><strong>Krueg.</strong></span> <span class='ocrx_word' id='word_1_176' title='bbox 966 2003 1145 2064; x_wconf 90' lang='lat' dir='ltr'><strong>Untersuch.</strong></span> <span class='ocrx_word' id='word_1_177' title='bbox 1158 2005 1240 2065; x_wconf 82' lang='lat' dir='ltr'><strong>Fasc.</strong></span> <span class='ocrx_word' id='word_1_178' title='bbox 1257 2006 1305 2064; x_wconf 93' lang='grc' dir='ltr'><strong>ΙΙΙ.</strong></span> <span class='ocrx_word' id='word_1_179' title='bbox 1319 2026 1350 2086; x_wconf 89' lang='lat' dir='ltr'><strong>p.</strong></span> <span class='ocrx_word' id='word_1_180' title='bbox 1448 2060 1451 2067; x_wconf 80' lang='grc'>,</span> 
     </span>
     <span class='ocr_line' id='line_1_21' title="bbox 267 2083 1350 2166; baseline -0.001 -19"><span class='ocrx_word' id='word_1_181' title='bbox 267 2090 338 2147; x_wconf 85' lang='grc'><strong>417.</strong></span> <span class='ocrx_word' id='word_1_182' title='bbox 359 2084 446 2145; x_wconf 80' lang='lat' dir='ltr'><strong>bach.</strong></span> <span class='ocrx_word' id='word_1_183' title='bbox 471 2083 606 2166; x_wconf 81' lang='lat' dir='ltr'><strong>Prolegg.</strong></span> <span class='ocrx_word' id='word_1_184' title='bbox 626 2083 694 2144; x_wconf 82' lang='lat' dir='ltr'><strong>Vol.</strong></span> <span class='ocrx_word' id='word_1_185' title='bbox 713 2087 734 2143; x_wconf 88' lang='grc' dir='ltr'><strong>Ι.</strong></span> <span class='ocrx_word' id='word_1_186' title='bbox 755 2107 783 2166; x_wconf 92' lang='lat' dir='ltr'><strong>p.</strong></span> <span class='ocrx_word' id='word_1_187' title='bbox 799 2086 906 2145; x_wconf 89' lang='lat' dir='ltr'><strong>XXVl.</strong></span> <span class='ocrx_word' id='word_1_188' title='bbox 927 2084 1073 2166; x_wconf 78' lang='lat' dir='ltr'><strong>explicans</strong></span> <span class='ocrx_word' id='word_1_189' title='bbox 1093 2089 1174 2154; x_wconf 73' lang='grc' dir='ltr'><strong>αὐτὸς</strong></span> <span class='ocrx_word' id='word_1_190' title='bbox 1193 2088 1275 2158; x_wconf 71' lang='grc' dir='ltr'><strong><em>δῆλός</em></strong></span> <span class='ocrx_word' id='word_1_191' title='bbox 1293 2092 1350 2146; x_wconf 83' lang='lat' dir='ltr'><strong>iuss</strong></span> 
     </span>
     <span class='ocr_line' id='line_1_22' title="bbox 267 2165 1462 2248; baseline 0 -20"><span class='ocrx_word' id='word_1_192' title='bbox 267 2165 528 2247; x_wconf 71' lang='grc' dir='ltr'><strong>παρασκευάζεσθαι.</strong></span> <span class='ocrx_word' id='word_1_193' title='bbox 570 2168 638 2225; x_wconf 84' lang='lat' dir='ltr'><strong>Tac.</strong></span> <span class='ocrx_word' id='word_1_194' title='bbox 658 2165 736 2231; x_wconf 71' lang='lat' dir='ltr'><strong>Anu.</strong></span> <span class='ocrx_word' id='word_1_195' title='bbox 758 2168 794 2240; x_wconf 90' lang='lat' dir='ltr'><strong>ll,</strong></span> <span class='ocrx_word' id='word_1_196' title='bbox 816 2172 865 2226; x_wconf 85' lang='grc'><strong>57.</strong></span> <span class='ocrx_word' id='word_1_197' title='bbox 889 2176 1012 2248; x_wconf 70' lang='lat' dir='ltr'><strong>postque</strong></span> <span class='ocrx_word' id='word_1_198' title='bbox 1041 2188 1131 2226; x_wconf 87' lang='lat' dir='ltr'><strong>rarus</strong></span> <span class='ocrx_word' id='word_1_199' title='bbox 1157 2171 1187 2226; x_wconf 90' lang='lat' dir='ltr'><strong>in</strong></span> <span class='ocrx_word' id='word_1_200' title='bbox 1208 2169 1350 2231; x_wconf 82' lang='lat' dir='ltr'><strong>tribunali</strong></span> <span class='ocrx_word' id='word_1_201' title='bbox 1461 2174 1462 2213; x_wconf 75' lang='grc' dir='ltr'>ἶ</span> 
     </span>
     <span class='ocr_line' id='line_1_23' title="bbox 268 2247 1350 2329; baseline -0.004 -18"><span class='ocrx_word' id='word_1_202' title='bbox 268 2250 409 2313; x_wconf 75' lang='lat' dir='ltr'><strong>Caesaris</strong></span> <span class='ocrx_word' id='word_1_203' title='bbox 431 2248 520 2320; x_wconf 89' lang='lat' dir='ltr'><strong>Piso,</strong></span> <span class='ocrx_word' id='word_1_204' title='bbox 541 2247 699 2329; x_wconf 85' lang='lat' dir='ltr'><strong>siquando</strong></span> <span class='ocrx_word' id='word_1_205' title='bbox 719 2247 882 2321; x_wconf 77' lang='lat' dir='ltr'><strong>assideret,</strong></span> <span class='ocrx_word' id='word_1_206' title='bbox 911 2258 1002 2307; x_wconf 76' lang='lat' dir='ltr'><strong>atrox</strong></span> <span class='ocrx_word' id='word_1_207' title='bbox 1023 2269 1059 2309; x_wconf 86' lang='lat' dir='ltr'><strong>ao</strong></span> <span class='ocrx_word' id='word_1_208' title='bbox 1078 2249 1233 2309; x_wconf 77' lang='lat' dir='ltr'><strong>dissentire</strong></span> <span class='ocrx_word' id='word_1_209' title='bbox 1252 2252 1350 2309; x_wconf 85' lang='lat' dir='ltr'><strong>mani·</strong></span> 
     </span>
     <span class='ocr_line' id='line_1_24' title="bbox 258 2328 1351 2412; baseline 0.001 -22"><span class='ocrx_word' id='word_1_210' title='bbox 258 2328 455 2411; x_wconf 84' lang='lat' dir='ltr'><strong>sestus‘ibiq.</strong></span> <span class='ocrx_word' id='word_1_211' title='bbox 483 2328 572 2388; x_wconf 80' lang='lat' dir='ltr'><strong>Bach.</strong></span> <span class='ocrx_word' id='word_1_212' title='bbox 600 2329 673 2389; x_wconf 84' lang='lat' dir='ltr'><strong>Stat.</strong></span> <span class='ocrx_word' id='word_1_213' title='bbox 701 2328 795 2388; x_wconf 86' lang='lat' dir='ltr'><strong>Theb.</strong></span> <span class='ocrx_word' id='word_1_214' title='bbox 817 2329 854 2402; x_wconf 90' lang='lat' dir='ltr'><strong>X,</strong></span> <span class='ocrx_word' id='word_1_215' title='bbox 882 2335 951 2389; x_wconf 83' lang='lat'><strong>753.</strong></span> <span class='ocrx_word' id='word_1_216' title='bbox 1001 2328 1150 2412; x_wconf 76' lang='lat' dir='ltr'><strong>Exempto</strong></span> <span class='ocrx_word' id='word_1_217' title='bbox 1178 2329 1351 2410; x_wconf 80' lang='lat' dir='ltr'><strong>manifestus</strong></span> 
     </span>
     <span class='ocr_line' id='line_1_25' title="bbox 268 2410 1349 2493; baseline 0.001 -21"><span class='ocrx_word' id='word_1_218' title='bbox 268 2412 385 2473; x_wconf 78' lang='lat' dir='ltr'><strong>casside</strong></span> <span class='ocrx_word' id='word_1_219' title='bbox 408 2413 495 2469; x_wconf 86' lang='lat' dir='ltr'><strong>nosci.</strong></span> <span class='ocrx_word' id='word_1_220' title='bbox 516 2445 556 2461; x_wconf 89' lang='lat'>-</span> <span class='ocrx_word' id='word_1_221' title='bbox 596 2410 722 2484; x_wconf 71' lang='lat' dir='ltr'><strong>Acciugi</strong></span> <span class='ocrx_word' id='word_1_222' title='bbox 739 2414 770 2469; x_wconf 88' lang='lat' dir='ltr'><strong>in</strong></span> <span class='ocrx_word' id='word_1_223' title='bbox 791 2414 970 2471; x_wconf 85' lang='lat' dir='ltr'><strong>contrarium</strong></span> <span class='ocrx_word' id='word_1_224' title='bbox 991 2410 1010 2469; x_wconf 91' lang='lat' dir='ltr'><strong>i.</strong></span> <span class='ocrx_word' id='word_1_225' title='bbox 1032 2433 1060 2493; x_wconf 91' lang='lat' dir='ltr'><strong>q.</strong></span> <span class='ocrx_word' id='word_1_226' title='bbox 1082 2412 1257 2472; x_wconf 81' lang='lat' dir='ltr'><strong>contrariam</strong></span> <span class='ocrx_word' id='word_1_227' title='bbox 1279 2433 1349 2473; x_wconf 88' lang='lat' dir='ltr'><strong>sen·</strong></span> 
     </span>
     <span class='ocr_line' id='line_1_26' title="bbox 266 2489 1350 2586; baseline 0 -31"><span class='ocrx_word' id='word_1_228' title='bbox 266 2493 388 2555; x_wconf 83' lang='lat' dir='ltr'><strong>tentiam</strong></span> <span class='ocrx_word' id='word_1_229' title='bbox 409 2491 585 2565; x_wconf 79' lang='lat' dir='ltr'><strong>defendere,</strong></span> <span class='ocrx_word' id='word_1_230' title='bbox 617 2510 772 2586; x_wconf 83' lang='lat' dir='ltr'><strong>separare</strong></span> <span class='ocrx_word' id='word_1_231' title='bbox 798 2491 833 2551; x_wconf 89' lang='lat' dir='ltr'><strong>ud</strong></span> <span class='ocrx_word' id='word_1_232' title='bbox 853 2492 1029 2552; x_wconf 83' lang='lat' dir='ltr'><strong>contrariam</strong></span> <span class='ocrx_word' id='word_1_233' title='bbox 1051 2489 1226 2553; x_wconf 86' lang='lat' dir='ltr'><strong>sentcn&#39;tiam</strong></span> <span class='ocrx_word' id='word_1_234' title='bbox 1247 2494 1350 2555; x_wconf 85' lang='lat' dir='ltr'><strong>defeu-</strong></span> 
     </span>
     <span class='ocr_line' id='line_1_27' title="bbox 268 2572 1350 2653; baseline 0 -17"><span class='ocrx_word' id='word_1_235' title='bbox 268 2575 391 2637; x_wconf 88' lang='lat' dir='ltr'><strong>dcndam</strong></span> <span class='ocrx_word' id='word_1_236' title='bbox 416 2586 464 2619; x_wconf 66' lang='grc'><strong>-“</strong></span> <span class='ocrx_word' id='word_1_237' title='bbox 476 2572 513 2633; x_wconf 82' lang='lat' dir='ltr'><strong>ud</strong></span> <span class='ocrx_word' id='word_1_238' title='bbox 531 2573 688 2633; x_wconf 76' lang='lat' dir='ltr'><strong>adversarii</strong></span> <span class='ocrx_word' id='word_1_239' title='bbox 706 2583 803 2652; x_wconf 86' lang='lat' dir='ltr'><strong>partes</strong></span> <span class='ocrx_word' id='word_1_240' title='bbox 818 2572 1026 2653; x_wconf 87' lang='lat' dir='ltr'><strong>suscipiendas.</strong></span> <span class='ocrx_word' id='word_1_241' title='bbox 1066 2573 1225 2650; x_wconf 75' lang='lat' dir='ltr'><strong>Accingere</strong></span> <span class='ocrx_word' id='word_1_242' title='bbox 1237 2597 1270 2637; x_wconf 84' lang='lat' dir='ltr'><strong>se</strong></span> <span class='ocrx_word' id='word_1_243' title='bbox 1285 2575 1350 2636; x_wconf 84' lang='lat' dir='ltr'><strong>sive</strong></span> 
     </span>
     <span class='ocr_line' id='line_1_28' title="bbox 231 2653 1349 2740; baseline 0.001 -24"><span class='ocrx_word' id='word_1_244' title='bbox 231 2664 234 2675; x_wconf 92' lang='lat'>&#39;</span> <span class='ocrx_word' id='word_1_245' title='bbox 268 2660 381 2731; x_wconf 72' lang='lat' dir='ltr'><strong>accingi</strong></span> <span class='ocrx_word' id='word_1_246' title='bbox 399 2654 605 2735; x_wconf 84' lang='lat' dir='ltr'><strong>frequentatur</strong></span> <span class='ocrx_word' id='word_1_247' title='bbox 626 2674 642 2713; x_wconf 82' lang='lat' dir='ltr'><strong>a</strong></span> <span class='ocrx_word' id='word_1_248' title='bbox 661 2653 806 2736; x_wconf 77' lang='lat' dir='ltr'><strong>Virgilio,</strong></span> <span class='ocrx_word' id='word_1_249' title='bbox 826 2653 931 2729; x_wconf 89' lang='lat' dir='ltr'><strong>Livio,</strong></span> <span class='ocrx_word' id='word_1_250' title='bbox 954 2654 1057 2714; x_wconf 85' lang='lat' dir='ltr'><strong>Tacito</strong></span> <span class='ocrx_word' id='word_1_251' title='bbox 1078 2655 1108 2715; x_wconf 94' lang='lat' dir='ltr'><strong>in</strong></span> <span class='ocrx_word' id='word_1_252' title='bbox 1129 2657 1240 2740; x_wconf 76' lang='lat' dir='ltr'><strong>magnis</strong></span> <span class='ocrx_word' id='word_1_253' title='bbox 1259 2657 1349 2717; x_wconf 86' lang='lat' dir='ltr'><strong>robus</strong></span> 
     </span>
     <span class='ocr_line' id='line_1_29' title="bbox 267 2734 1351 2818; baseline 0.001 -20"><span class='ocrx_word' id='word_1_254' title='bbox 267 2736 481 2818; x_wconf 87' lang='lat' dir='ltr'><strong>suscipiendis,</strong></span> <span class='ocrx_word' id='word_1_255' title='bbox 509 2743 585 2816; x_wconf 59' lang='lat' dir='ltr'><strong>uuae</strong></span> <span class='ocrx_word' id='word_1_256' title='bbox 613 2734 754 2815; x_wconf 90' lang='lat' dir='ltr'><strong>loquendi</strong></span> <span class='ocrx_word' id='word_1_257' title='bbox 776 2734 852 2795; x_wconf 84' lang='lat' dir='ltr'><strong>ratio</strong></span> <span class='ocrx_word' id='word_1_258' title='bbox 873 2736 959 2796; x_wconf 82' lang='lat' dir='ltr'><strong>ducta</strong></span> <span class='ocrx_word' id='word_1_259' title='bbox 982 2748 1028 2797; x_wconf 88' lang='lat' dir='ltr'><strong>est</strong></span> <span class='ocrx_word' id='word_1_260' title='bbox 1056 2757 1091 2797; x_wconf 82' lang='lat' dir='ltr'><strong>cx</strong></span> <span class='ocrx_word' id='word_1_261' title='bbox 1115 2758 1168 2812; x_wconf 90' lang='lat' dir='ltr'><strong>eo,</strong></span> <span class='ocrx_word' id='word_1_262' title='bbox 1197 2739 1278 2818; x_wconf 91' lang='lat' dir='ltr'><strong>quod</strong></span> <span class='ocrx_word' id='word_1_263' title='bbox 1298 2737 1351 2818; x_wconf 91' lang='lat' dir='ltr'><strong>qui</strong></span> 
     </span>
     <span class='ocr_line' id='line_1_30' title="bbox 266 2815 1350 2899; baseline 0 -20"><span class='ocrx_word' id='word_1_264' title='bbox 266 2819 375 2899; x_wconf 89' lang='lat' dir='ltr'><strong>aliquid</strong></span> <span class='ocrx_word' id='word_1_265' title='bbox 405 2815 475 2878; x_wconf 92' lang='lat' dir='ltr'><strong>serii</strong></span> <span class='ocrx_word' id='word_1_266' title='bbox 503 2817 598 2878; x_wconf 78' lang='lat' dir='ltr'><strong>secere</strong></span> <span class='ocrx_word' id='word_1_267' title='bbox 627 2815 782 2898; x_wconf 82' lang='lat' dir='ltr'><strong>parabant,</strong></span> <span class='ocrx_word' id='word_1_268' title='bbox 822 2818 868 2878; x_wconf 90' lang='lat' dir='ltr'><strong>cin</strong></span> <span class='ocrx_word' id='word_1_269' title='bbox 909 2816 940 2876; x_wconf 92' lang='lat' dir='ltr'><strong>lo</strong></span> <span class='ocrx_word' id='word_1_270' title='bbox 968 2830 1065 2879; x_wconf 87' lang='lat' dir='ltr'><strong>vestes</strong></span> <span class='ocrx_word' id='word_1_271' title='bbox 1099 2819 1228 2899; x_wconf 81' lang='lat' dir='ltr'><strong>alioquin</strong></span> <span class='ocrx_word' id='word_1_272' title='bbox 1254 2816 1350 2880; x_wconf 84' lang='lat' dir='ltr'><strong>iluxas</strong></span> 
     </span>
     <span class='ocr_line' id='line_1_31' title="bbox 268 2898 1350 2983; baseline -0.001 -22"><span class='ocrx_word' id='word_1_273' title='bbox 268 2898 518 2983; x_wconf 78' lang='lat' dir='ltr'><strong>constringebant.</strong></span> <span class='ocrx_word' id='word_1_274' title='bbox 539 2899 587 2960; x_wconf 89' lang='lat' dir='ltr'><strong>vd.</strong></span> <span class='ocrx_word' id='word_1_275' title='bbox 606 2898 725 2959; x_wconf 78' lang='lat' dir='ltr'><strong>Ruhnk.</strong></span> <span class='ocrx_word' id='word_1_276' title='bbox 747 2898 859 2958; x_wconf 77' lang='lat' dir='ltr'><strong>Dicta</strong></span> <span class='ocrx_word' id='word_1_277' title='bbox 900 2900 984 2959; x_wconf 73' lang='lat' dir='ltr'><strong>Ter.¹</strong></span> <span class='ocrx_word' id='word_1_278' title='bbox 1010 2944 1017 2958; x_wconf 93' lang='lat'><strong>.</strong></span> <span class='ocrx_word' id='word_1_279' title='bbox 1041 2904 1107 2959; x_wconf 83' lang='lat'><strong>139.</strong></span> <span class='ocrx_word' id='word_1_280' title='bbox 1127 2898 1256 2961; x_wconf 86' lang='lat' dir='ltr'><strong>Biittich.</strong></span> <span class='ocrx_word' id='word_1_281' title='bbox 1278 2902 1350 2960; x_wconf 83' lang='lat' dir='ltr'><strong>Lex.</strong></span> 
     </span>
     <span class='ocr_line' id='line_1_32' title="bbox 267 2922 1400 3061; baseline 0.001 -20"><span class='ocrx_word' id='word_1_282' title='bbox 267 2983 336 3042; x_wconf 84' lang='lat' dir='ltr'><strong>Tac.</strong></span> <span class='ocrx_word' id='word_1_283' title='bbox 357 3003 380 3041; x_wconf 94' lang='lat' dir='ltr'><strong>s.</strong></span> <span class='ocrx_word' id='word_1_284' title='bbox 399 2992 447 3041; x_wconf 70' lang='lat' dir='ltr'><strong>‘nr</strong></span> <span class='ocrx_word' id='word_1_285' title='bbox 469 2984 588 3055; x_wconf 72' lang='lat' dir='ltr'><strong>accingi</strong></span> <span class='ocrx_word' id='word_1_286' title='bbox 606 2980 650 3038; x_wconf 89' lang='lat' dir='ltr'><strong>ad</strong></span> <span class='ocrx_word' id='word_1_287' title='bbox 666 3001 749 3061; x_wconf 84' lang='lat' dir='ltr'><strong>spem</strong></span> <span class='ocrx_word' id='word_1_288' title='bbox 771 3012 808 3025; x_wconf 90' lang='lat'><em>-</em></span> <span class='ocrx_word' id='word_1_289' title='bbox 830 2982 966 3040; x_wconf 84' lang='lat' dir='ltr'><strong>ultionem</strong></span> <span class='ocrx_word' id='word_1_290' title='bbox 987 2922 1054 3061; x_wconf 69' lang='lat' dir='ltr'><strong>&#39;Xan</strong></span> <span class='ocrx_word' id='word_1_291' title='bbox 1076 2981 1154 3041; x_wconf 86' lang='lat' dir='ltr'><strong>Hist.</strong></span> <span class='ocrx_word' id='word_1_292' title='bbox 1184 2985 1234 3059; x_wconf 77' lang='grc' dir='ltr'>ΙΙΙ,</span> <span class='ocrx_word' id='word_1_293' title='bbox 1252 2988 1300 3043; x_wconf 87' lang='grc'><strong>79.</strong></span> <span class='ocrx_word' id='word_1_294' title='bbox 1320 2986 1351 3042; x_wconf 89' lang='lat' dir='ltr'><strong>in</strong></span> <span class='ocrx_word' id='word_1_295' title='bbox 1391 3012 1400 3027; x_wconf 93' lang='lat'><strong>·</strong></span> 
     </span>
     <span class='ocr_line' id='line_1_33' title="bbox 267 3061 1331 3138; baseline 0.001 -16"><span class='ocrx_word' id='word_1_296' title='bbox 267 3064 429 3123; x_wconf 85' lang='lat' dir='ltr'><strong>audaciam</strong></span> <span class='ocrx_word' id='word_1_297' title='bbox 449 3062 529 3121; x_wconf 81' lang='lat' dir='ltr'><strong>Anu.</strong></span> <span class='ocrx_word' id='word_1_298' title='bbox 549 3064 600 3134; x_wconf 83' lang='grc' dir='ltr'>ΙΙΙ,</span> <span class='ocrx_word' id='word_1_299' title='bbox 622 3065 720 3121; x_wconf 70' lang='grc' dir='ltr'><strong>66.“ίιι</strong></span> <span class='ocrx_word' id='word_1_300' title='bbox 740 3061 894 3122; x_wconf 83' lang='lat' dir='ltr'><strong>discrimen</strong></span> <span class='ocrx_word' id='word_1_301' title='bbox 915 3062 980 3123; x_wconf 85' lang='lat' dir='ltr'><strong>Liv.</strong></span> <span class='ocrx_word' id='word_1_302' title='bbox 1000 3064 1036 3138; x_wconf 80' lang='lat' dir='ltr'><strong>ll,</strong></span> <span class='ocrx_word' id='word_1_303' title='bbox 1060 3066 1107 3123; x_wconf 82' lang='lat'><strong>12.</strong></span> <span class='ocrx_word' id='word_1_304' title='bbox 1327 3093 1331 3103; x_wconf 63' lang='lat'>¹</span> 
     </span>
    </p>
   </div>
   <div class='ocr_carea' id='block_1_4' title="bbox 164 3148 1429 4231">
    <p class='ocr_par' dir='ltr' id='par_1_4' title="bbox 266 3148 1353 3476">
     <span class='ocr_line' id='line_1_34' title="bbox 275 3148 1351 3230; baseline -0.001 -18"><span class='ocrx_word' id='word_1_305' title='bbox 275 3216 279 3225; x_wconf 48' lang='grc'>,</span> <span class='ocrx_word' id='word_1_306' title='bbox 329 3151 420 3222; x_wconf 81' lang='lat' dir='ltr'><strong>,Non</strong></span> <span class='ocrx_word' id='word_1_307' title='bbox 438 3152 526 3228; x_wconf 86' lang='lat' dir='ltr'><strong>enim]</strong></span> <span class='ocrx_word' id='word_1_308' title='bbox 567 3152 622 3210; x_wconf 80' lang='grc' dir='ltr'><strong>»οὐ</strong></span> <span class='ocrx_word' id='word_1_309' title='bbox 641 3152 694 3230; x_wconf 70' lang='grc' dir='ltr'><strong>γάρ</strong></span> <span class='ocrx_word' id='word_1_310' title='bbox 719 3150 861 3230; x_wconf 84' lang='lat' dir='ltr'><strong>ponitur,</strong></span> <span class='ocrx_word' id='word_1_311' title='bbox 888 3148 941 3210; x_wconf 89' lang='lat' dir='ltr'><strong>nbi</strong></span> <span class='ocrx_word' id='word_1_312' title='bbox 960 3148 1077 3225; x_wconf 71' lang='lat' dir='ltr'><strong>negatio</strong></span> <span class='ocrx_word' id='word_1_313' title='bbox 1104 3163 1266 3212; x_wconf 83' lang='lat' dir='ltr'><strong>autunum</strong></span> <span class='ocrx_word' id='word_1_314' title='bbox 1285 3162 1351 3211; x_wconf 83' lang='lat' dir='ltr'><strong>tan-</strong></span> 
     </span>
     <span class='ocr_line' id='line_1_35' title="bbox 266 3230 1350 3312; baseline -0.003 -19"><span class='ocrx_word' id='word_1_315' title='bbox 266 3244 331 3294; x_wconf 83' lang='lat' dir='ltr'><strong>turn</strong></span> <span class='ocrx_word' id='word_1_316' title='bbox 359 3231 534 3295; x_wconf 83' lang='lat' dir='ltr'><strong>vocabulum</strong></span> <span class='ocrx_word' id='word_1_317' title='bbox 560 3230 653 3293; x_wconf 82' lang='lat' dir='ltr'><strong>allicit</strong></span> <span class='ocrx_word' id='word_1_318' title='bbox 679 3243 730 3292; x_wconf 85' lang='lat' dir='ltr'><strong>aut</strong></span> <span class='ocrx_word' id='word_1_319' title='bbox 756 3243 836 3293; x_wconf 88' lang='lat' dir='ltr'><strong>certe</strong></span> <span class='ocrx_word' id='word_1_320' title='bbox 868 3232 978 3291; x_wconf 84' lang='lat' dir='ltr'><strong>maiore</strong></span> <span class='ocrx_word' id='word_1_321' title='bbox 1011 3231 1133 3312; x_wconf 84' lang='lat' dir='ltr'><strong>quadam</strong></span> <span class='ocrx_word' id='word_1_322' title='bbox 1160 3233 1191 3295; x_wconf 72' lang='lat' dir='ltr'><strong>vi</strong></span> <span class='ocrx_word' id='word_1_323' title='bbox 1218 3233 1350 3310; x_wconf 79' lang='lat' dir='ltr'><strong>effertur.</strong></span> 
     </span>
     <span class='ocr_line' id='line_1_36' title="bbox 269 3313 1352 3394; baseline 0 -21"><span class='ocrx_word' id='word_1_324' title='bbox 269 3313 375 3390; x_wconf 84' lang='lat' dir='ltr'><strong>Quint.</strong></span> <span class='ocrx_word' id='word_1_325' title='bbox 395 3315 434 3389; x_wconf 89' lang='lat' dir='ltr'><strong>X,</strong></span> <span class='ocrx_word' id='word_1_326' title='bbox 459 3317 487 3388; x_wconf 87' lang='lat' dir='ltr'><strong>l,</strong></span> <span class='ocrx_word' id='word_1_327' title='bbox 507 3320 535 3372; x_wconf 89' lang='grc'><strong>8.</strong></span> <span class='ocrx_word' id='word_1_328' title='bbox 576 3313 645 3375; x_wconf 88' lang='lat' dir='ltr'><strong>Non</strong></span> <span class='ocrx_word' id='word_1_329' title='bbox 670 3317 749 3391; x_wconf 87' lang='lat' dir='ltr'><strong>enim</strong></span> <span class='ocrx_word' id='word_1_330' title='bbox 769 3315 862 3373; x_wconf 86' lang='lat' dir='ltr'><strong>solum</strong></span> <span class='ocrx_word' id='word_1_331' title='bbox 893 3316 1014 3373; x_wconf 86' lang='lat' dir='ltr'><strong>nomina</strong></span> <span class='ocrx_word' id='word_1_332' title='bbox 1034 3316 1100 3394; x_wconf 85' lang='lat' dir='ltr'><strong>ipsu</strong></span> <span class='ocrx_word' id='word_1_333' title='bbox 1122 3335 1221 3375; x_wconf 87' lang='lat' dir='ltr'><strong>rerum</strong></span> <span class='ocrx_word' id='word_1_334' title='bbox 1245 3335 1352 3390; x_wconf 71' lang='lat' dir='ltr'><strong>cogno·</strong></span> 
     </span>
     <span class='ocr_line' id='line_1_37' title="bbox 266 3393 1353 3476; baseline -0.003 -21"><span class='ocrx_word' id='word_1_335' title='bbox 266 3416 381 3455; x_wconf 76' lang='lat' dir='ltr'><strong>suemus</strong></span> <span class='ocrx_word' id='word_1_336' title='bbox 401 3395 458 3454; x_wconf 84' lang='lat' dir='ltr'><strong>bae</strong></span> <span class='ocrx_word' id='word_1_337' title='bbox 477 3415 553 3453; x_wconf 83' lang='lat' dir='ltr'><strong>eura</strong></span> <span class='ocrx_word' id='word_1_338' title='bbox 573 3407 628 3454; x_wconf 89' lang='lat' dir='ltr'><strong>etc.</strong></span> <span class='ocrx_word' id='word_1_339' title='bbox 652 3399 680 3469; x_wconf 88' lang='lat'><strong>1,</strong></span> <span class='ocrx_word' id='word_1_340' title='bbox 703 3400 770 3454; x_wconf 88' lang='grc'><strong>109.</strong></span> <span class='ocrx_word' id='word_1_341' title='bbox 811 3393 878 3457; x_wconf 81' lang='lat' dir='ltr'><strong>Nun</strong></span> <span class='ocrx_word' id='word_1_342' title='bbox 905 3398 981 3453; x_wconf 88' lang='lat' dir='ltr'><strong>enim</strong></span> <span class='ocrx_word' id='word_1_343' title='bbox 997 3395 1131 3476; x_wconf 82' lang='lat' dir='ltr'><strong>pluvios,</strong></span> <span class='ocrx_word' id='word_1_344' title='bbox 1159 3407 1192 3456; x_wconf 85' lang='lat' dir='ltr'><strong>ut</strong></span> <span class='ocrx_word' id='word_1_345' title='bbox 1213 3401 1259 3456; x_wconf 85' lang='lat' dir='ltr'><strong>uit</strong></span> <span class='ocrx_word' id='word_1_346' title='bbox 1277 3396 1353 3454; x_wconf 89' lang='lat' dir='ltr'><strong>Pin-</strong></span> 
     </span>
    </p>

    <p class='ocr_par' dir='ltr' id='par_1_5' title="bbox 164 3474 1429 4126">
     <span class='ocr_line' id='line_1_38' title="bbox 164 3474 1351 3558; baseline -0.005 -18"><span class='ocrx_word' id='word_1_347' title='bbox 164 3481 175 3493; x_wconf 84' lang='lat'><em>&#39;</em></span> <span class='ocrx_word' id='word_1_348' title='bbox 266 3477 376 3550; x_wconf 81' lang='lat' dir='ltr'><strong>durus,</strong></span> <span class='ocrx_word' id='word_1_349' title='bbox 406 3496 505 3558; x_wconf 82' lang='lat' dir='ltr'><strong>aquas</strong></span> <span class='ocrx_word' id='word_1_350' title='bbox 531 3478 659 3551; x_wconf 73' lang='lat' dir='ltr'><strong>colligit,</strong></span> <span class='ocrx_word' id='word_1_351' title='bbox 692 3475 747 3534; x_wconf 86' lang='lat' dir='ltr'><strong>sed</strong></span> <span class='ocrx_word' id='word_1_352' title='bbox 776 3478 837 3535; x_wconf 78' lang='lat' dir='ltr'><strong>uiuo</strong></span> <span class='ocrx_word' id='word_1_353' title='bbox 872 3480 990 3551; x_wconf 74' lang='lat' dir='ltr'><strong>gurgite</strong></span> <span class='ocrx_word' id='word_1_354' title='bbox 1025 3476 1182 3536; x_wconf 69' lang='lat' dir='ltr'><strong>exundat«</strong></span> <span class='ocrx_word' id='word_1_355' title='bbox 1231 3474 1351 3534; x_wconf 83' lang='lat' dir='ltr'><strong>Herbst.</strong></span> 
     </span>
     <span class='ocr_line' id='line_1_39' title="bbox 267 3554 1351 3636; baseline -0.001 -18"><span class='ocrx_word' id='word_1_356' title='bbox 267 3560 303 3618; x_wconf 88' lang='lat' dir='ltr'><strong>ad</strong></span> <span class='ocrx_word' id='word_1_357' title='bbox 326 3558 431 3634; x_wconf 86' lang='lat' dir='ltr'><strong>Quint.</strong></span> <span class='ocrx_word' id='word_1_358' title='bbox 453 3559 492 3632; x_wconf 90' lang='lat' dir='ltr'><strong>X,</strong></span> <span class='ocrx_word' id='word_1_359' title='bbox 516 3561 543 3631; x_wconf 91' lang='lat'><strong>1,</strong></span> <span class='ocrx_word' id='word_1_360' title='bbox 566 3564 594 3617; x_wconf 89' lang='lat'><strong>8.</strong></span> <span class='ocrx_word' id='word_1_361' title='bbox 630 3557 767 3617; x_wconf 84' lang='lat' dir='ltr'><strong>Notanda</strong></span> <span class='ocrx_word' id='word_1_362' title='bbox 789 3556 908 3617; x_wconf 82' lang='lat' dir='ltr'><strong>videtur</strong></span> <span class='ocrx_word' id='word_1_363' title='bbox 929 3554 1066 3636; x_wconf 88' lang='lat' dir='ltr'><strong>quaedam</strong></span> <span class='ocrx_word' id='word_1_364' title='bbox 1087 3555 1264 3636; x_wconf 75' lang='lat' dir='ltr'><strong>negligentia</strong></span> <span class='ocrx_word' id='word_1_365' title='bbox 1284 3575 1351 3617; x_wconf 79' lang='lat' dir='ltr'><strong>oro·</strong></span> 
     </span>
     <span class='ocr_line' id='line_1_40' title="bbox 265 3632 1352 3719; baseline -0.002 -20"><span class='ocrx_word' id='word_1_366' title='bbox 265 3632 379 3714; x_wconf 76' lang='lat' dir='ltr'><strong>tionis,</strong></span> <span class='ocrx_word' id='word_1_367' title='bbox 400 3661 492 3719; x_wconf 85' lang='lat' dir='ltr'><strong>quum</strong></span> <span class='ocrx_word' id='word_1_368' title='bbox 512 3651 652 3718; x_wconf 86' lang='lat' dir='ltr'><strong>quattuor</strong></span> <span class='ocrx_word' id='word_1_369' title='bbox 672 3637 977 3698; x_wconf 82' lang='lat' dir='ltr'><strong>enunciationibusse</strong></span> <span class='ocrx_word' id='word_1_370' title='bbox 994 3636 1204 3714; x_wconf 83' lang='lat' dir='ltr'><strong>excipientibus</strong></span> <span class='ocrx_word' id='word_1_371' title='bbox 1225 3637 1352 3717; x_wconf 79' lang='lat' dir='ltr'><strong>praefixa</strong></span> 
     </span>
     <span class='ocr_line' id='line_1_41' title="bbox 267 3714 1351 3801; baseline -0.003 -20"><span class='ocrx_word' id='word_1_372' title='bbox 267 3720 306 3781; x_wconf 89' lang='lat' dir='ltr'><strong>sit</strong></span> <span class='ocrx_word' id='word_1_373' title='bbox 331 3721 472 3801; x_wconf 87' lang='lat' dir='ltr'><strong>particula</strong></span> <span class='ocrx_word' id='word_1_374' title='bbox 496 3714 633 3781; x_wconf 81' lang='lat' dir='ltr'><strong>causalis:</strong></span> <span class='ocrx_word' id='word_1_375' title='bbox 662 3717 743 3780; x_wconf 88' lang='lat' dir='ltr'><strong>Nam</strong></span> <span class='ocrx_word' id='word_1_376' title='bbox 765 3729 793 3797; x_wconf 72' lang='lat' dir='ltr'><strong>et</strong></span> <span class='ocrx_word' id='word_1_377' title='bbox 810 3755 847 3767; x_wconf 91' lang='lat'><em>-</em></span> <span class='ocrx_word' id='word_1_378' title='bbox 862 3719 892 3778; x_wconf 90' lang='lat' dir='ltr'><em>A</em></span> <span class='ocrx_word' id='word_1_379' title='bbox 911 3741 975 3777; x_wconf 82' lang='lat' dir='ltr'><strong>rum</strong></span> <span class='ocrx_word' id='word_1_380' title='bbox 990 3721 1065 3776; x_wconf 86' lang='lat' dir='ltr'><strong>enim</strong></span> <span class='ocrx_word' id='word_1_381' title='bbox 1080 3749 1114 3760; x_wconf 92' lang='lat'><em>-</em></span> <span class='ocrx_word' id='word_1_382' title='bbox 1131 3717 1199 3779; x_wconf 89' lang='lat' dir='ltr'><strong>Nun</strong></span> <span class='ocrx_word' id='word_1_383' title='bbox 1213 3722 1289 3778; x_wconf 89' lang='lat' dir='ltr'><strong>enim</strong></span> <span class='ocrx_word' id='word_1_384' title='bbox 1312 3753 1351 3768; x_wconf 95' lang='lat'>-</span> 
     </span>
     <span class='ocr_line' id='line_1_42' title="bbox 266 3744 1352 3880; baseline -0.002 -20"><span class='ocrx_word' id='word_1_385' title='bbox 266 3800 332 3875; x_wconf 66' lang='lat' dir='ltr'><strong>Epo</strong></span> <span class='ocrx_word' id='word_1_386' title='bbox 356 3806 451 3860; x_wconf 84' lang='lat' dir='ltr'><strong>enim.-</strong></span> <span class='ocrx_word' id='word_1_387' title='bbox 481 3801 565 3861; x_wconf 90' lang='lat' dir='ltr'><strong>cuius</strong></span> <span class='ocrx_word' id='word_1_388' title='bbox 588 3812 754 3861; x_wconf 88' lang='lat' dir='ltr'><strong>structurae</strong></span> <span class='ocrx_word' id='word_1_389' title='bbox 781 3744 911 3880; x_wconf 62' lang='lat' dir='ltr'><strong>exempia</strong></span> <span class='ocrx_word' id='word_1_390' title='bbox 939 3799 986 3858; x_wconf 86' lang='lat' dir='ltr'><strong>vd.</strong></span> <span class='ocrx_word' id='word_1_391' title='bbox 1016 3796 1120 3872; x_wconf 85' lang='lat' dir='ltr'><strong>Quint.</strong></span> <span class='ocrx_word' id='word_1_392' title='bbox 1146 3801 1184 3874; x_wconf 91' lang='lat' dir='ltr'><strong>X,</strong></span> <span class='ocrx_word' id='word_1_393' title='bbox 1210 3804 1238 3873; x_wconf 83' lang='lat'><strong>1,</strong></span> <span class='ocrx_word' id='word_1_394' title='bbox 1262 3806 1290 3860; x_wconf 87' lang='lat'><strong>8.</strong></span> <span class='ocrx_word' id='word_1_395' title='bbox 1312 3804 1352 3874; x_wconf 82' lang='lat'><strong>9,</strong></span> 
     </span>
     <span class='ocr_line' id='line_1_43' title="bbox 267 3878 1429 3963; baseline 0 -20"><span class='ocrx_word' id='word_1_396' title='bbox 267 3882 320 3943; x_wconf 86' lang='lat' dir='ltr'><strong>nbi</strong></span> <span class='ocrx_word' id='word_1_397' title='bbox 340 3882 459 3942; x_wconf 88' lang='lat' dir='ltr'><strong>Herbst.</strong></span> <span class='ocrx_word' id='word_1_398' title='bbox 481 3881 544 3942; x_wconf 87' lang='lat' dir='ltr'><strong>aliis</strong></span> <span class='ocrx_word' id='word_1_399' title='bbox 566 3881 705 3963; x_wconf 83' lang='lat' dir='ltr'><strong>exemplis</strong></span> <span class='ocrx_word' id='word_1_400' title='bbox 726 3901 743 3941; x_wconf 91' lang='lat' dir='ltr'><strong>e</strong></span> <span class='ocrx_word' id='word_1_401' title='bbox 764 3879 868 3955; x_wconf 89' lang='lat' dir='ltr'><strong>Quint.</strong></span> <span class='ocrx_word' id='word_1_402' title='bbox 889 3879 981 3940; x_wconf 84' lang='lat' dir='ltr'><strong>allatis</strong></span> <span class='ocrx_word' id='word_1_403' title='bbox 1003 3878 1133 3940; x_wconf 88' lang='lat' dir='ltr'><strong>conierri</strong></span> <span class='ocrx_word' id='word_1_404' title='bbox 1160 3881 1243 3944; x_wconf 90' lang='lat' dir='ltr'><strong>iubet</strong></span> <span class='ocrx_word' id='word_1_405' title='bbox 1265 3902 1353 3943; x_wconf 82' lang='lat' dir='ltr'><strong>usum</strong></span> <span class='ocrx_word' id='word_1_406' title='bbox 1422 3912 1429 3917; x_wconf 87' lang='lat'><em>·</em></span> 
     </span>
     <span class='ocr_line' id='line_1_44' title="bbox 268 3959 1353 4044; baseline -0.002 -21"><span class='ocrx_word' id='word_1_407' title='bbox 268 3963 409 4042; x_wconf 89' lang='lat' dir='ltr'><strong>loquendi</strong></span> <span class='ocrx_word' id='word_1_408' title='bbox 431 3963 552 4023; x_wconf 85' lang='lat' dir='ltr'><strong>Graece.</strong></span> <span class='ocrx_word' id='word_1_409' title='bbox 578 3985 622 4044; x_wconf 88' lang='lat' dir='ltr'><strong>ap.</strong></span> <span class='ocrx_word' id='word_1_410' title='bbox 651 3961 786 4043; x_wconf 86' lang='lat' dir='ltr'><strong>Xenoph.</strong></span> <span class='ocrx_word' id='word_1_411' title='bbox 816 3959 908 4021; x_wconf 80' lang='lat' dir='ltr'><strong>Ansb.</strong></span> <span class='ocrx_word' id='word_1_412' title='bbox 935 3963 984 4034; x_wconf 90' lang='lat' dir='ltr'><strong>lll,</strong></span> <span class='ocrx_word' id='word_1_413' title='bbox 1013 3968 1044 4034; x_wconf 85' lang='lat'><strong>2,</strong></span> <span class='ocrx_word' id='word_1_414' title='bbox 1066 3967 1116 4023; x_wconf 81' lang='grc'><strong>32.</strong></span> <span class='ocrx_word' id='word_1_415' title='bbox 1144 3967 1185 4039; x_wconf 85' lang='lat' dir='ltr'><strong>V,</strong></span> <span class='ocrx_word' id='word_1_416' title='bbox 1207 3970 1237 4039; x_wconf 84' lang='grc'><strong>6,</strong></span> <span class='ocrx_word' id='word_1_417' title='bbox 1258 3967 1288 4025; x_wconf 85' lang='grc'><strong>4.</strong></span> <span class='ocrx_word' id='word_1_418' title='bbox 1316 3961 1353 4024; x_wconf 84' lang='lat' dir='ltr'><strong>ci.</strong></span> 
     </span>
     <span class='ocr_line' id='line_1_45' title="bbox 267 4042 1051 4126; baseline -0.008 -20"><span class='ocrx_word' id='word_1_419' title='bbox 267 4044 404 4106; x_wconf 88' lang='lat' dir='ltr'><strong>Bonnell.</strong></span> <span class='ocrx_word' id='word_1_420' title='bbox 426 4043 564 4126; x_wconf 78' lang='lat' dir='ltr'><strong>Prolegg.</strong></span> <span class='ocrx_word' id='word_1_421' title='bbox 584 4046 621 4107; x_wconf 83' lang='lat' dir='ltr'><strong>ad</strong></span> <span class='ocrx_word' id='word_1_422' title='bbox 639 4046 709 4104; x_wconf 75' lang='lat' dir='ltr'><strong>Lex.</strong></span> <span class='ocrx_word' id='word_1_423' title='bbox 730 4042 835 4118; x_wconf 86' lang='lat' dir='ltr'><strong>Quint.</strong></span> <span class='ocrx_word' id='word_1_424' title='bbox 854 4065 883 4122; x_wconf 88' lang='lat' dir='ltr'><strong>p.</strong></span> <span class='ocrx_word' id='word_1_425' title='bbox 906 4043 1051 4123; x_wconf 84' lang='lat' dir='ltr'><strong>LXXXll.</strong></span> 
     </span>
    </p>

    <p class='ocr_par' dir='ltr' id='par_1_6' title="bbox 349 4122 1400 4231">
     <span class='ocr_line' id='line_1_46' title="bbox 349 4122 1400 4231; baseline 0.003 -45"><span class='ocrx_word' id='word_1_426' title='bbox 349 4125 520 4203; x_wconf 63' lang='lat' dir='ltr'><strong>inauditum⁴</strong></span> <span class='ocrx_word' id='word_1_427' title='bbox 544 4134 575 4186; x_wconf 88' lang='lat' dir='ltr'><strong>et</strong></span> <span class='ocrx_word' id='word_1_428' title='bbox 594 4122 774 4206; x_wconf 53' lang='lat' dir='ltr'><strong>&amp;defensum</strong></span> <span class='ocrx_word' id='word_1_429' title='bbox 794 4158 834 4174; x_wconf 91' lang='lat'>-</span> <span class='ocrx_word' id='word_1_430' title='bbox 856 4122 1009 4204; x_wconf 80' lang='lat' dir='ltr'><strong>danrnari]</strong></span> <span class='ocrx_word' id='word_1_431' title='bbox 1049 4124 1117 4217; x_wconf 63' lang='lat' dir='ltr'><strong>iac.</strong></span> <span class='ocrx_word' id='word_1_432' title='bbox 1139 4125 1217 4231; x_wconf 45' lang='lat' dir='ltr'><strong>Anu:</strong></span> <span class='ocrx_word' id='word_1_433' title='bbox 1232 4126 1284 4197; x_wconf 76' lang='lat' dir='ltr'><strong>Vt,</strong></span> <span class='ocrx_word' id='word_1_434' title='bbox 1306 4128 1353 4187; x_wconf 84' lang='grc'><strong>77.</strong></span> <span class='ocrx_word' id='word_1_435' title='bbox 1394 4169 1400 4189; x_wconf 73' lang='grc'><strong>.</strong></span> 
     </span>
    </p>
   </div>
   <div class='ocr_carea' id='block_1_5' title="bbox 0 0 1491 4808">
    <p class='ocr_par' dir='ltr' id='par_1_7' title="bbox 0 0 1491 4808">
     <span class='ocr_line' id='line_1_47' title="bbox 0 0 1491 4808; baseline 0 0"><span class='ocrx_word' id='word_1_436' title='bbox 0 0 1491 4808; x_wconf 95' lang='lat' dir='ltr'><strong> </strong></span> 
     </span>
    </p>
   </div>
  </div>
 </body>
</html>
