2968 4810
266 302 286 364 4
412 294 416 300 ¹
598 299 761 383 Dialogus.
777 301 815 361 de
838 297 1023 363 Oratoribus

266 456 447 545 mondum,
482 451 509 527 'si
537 451 626 524 ideur
641 452 795 549 ¹essequi
818 480 887 524 non
912 476 1113 550 possumus,
1143 467 1199 525 aut
1225 448 1268 520 de
1289 448 1349 533 ⁴in-

269 557 388 644 diciis,
413 558 442 629 si
465 552 651 638 nolumus,¹
666 550 718 623 vix
744 550 885 625 Hercule
907 550 1083 635 auderem,
1114 550 1143 622 si
1168 547 1249 622 mibi
1274 575 1350 629 mee

268 655 430 731 sententia
455 650 656 751 proferenda
683 678 720 721 ac
742 678 812 723 uon
833 650 1139 736 disertissimorum,
1166 665 1203 720 ut
1223 647 1349 721 nostris

268 752 489 854 temporibus,
507 749 680 821 hominum
696 775 805 820 sermo
822 744 1024 847 repetendus
1044 765 1141 835 esset,
1167 773 1252 845 quos
1270 772 1349 817 ean-

271 927 319 982 10.
341 931 388 993 ut,
422 922 451 977 si
469 921 611 977 srcstiuere
631 919 975 998 tantumquu'estionem
1002 938 1059 976 non
1078 928 1220 998 potuero,
1249 916 1353 974 iniusti

228 1059 233 1066 ,
270 1003 514 1082 oneris'imposr‘ti
528 1010 586 1074 *tua
606 1001 694 1078 culpa
715 1003 762 1056 sit.

247 1107 266 1158 s
354 1097 391 1156 de
411 1101 534 1171 ingeniis
553 1093 678 1176 noso-ts]
698 1095 844 1154 Roetticb.
865 1094 934 1154 Lex.
951 1095 1019 1154 Tac.
1038 1116 1067 1173 p.
1081 1100 1142 1152 270
1164 1115 1206 1172 sq.
1229 1092 1350 1172 copiose

270 1178 393 1259 exponit
412 1180 448 1237 de
470 1178 527 1238 boe
547 1198 611 1236 voc.
634 1177 737 1236 Tacito
757 1176 969 1250 usitatissimo,
993 1187 1023 1234 et
1043 1197 1077 1254 p:
1094 1182 1141 1233 10.
1162 1175 1198 1234 de
1219 1174 1350 1234 eiusdem

271 1278 355 1320 more
382 1260 524 1318 substant.
551 1258 693 1335 ubstrtcta
721 1277 777 1336 pro
805 1257 1111 1337 concretisponendl
1146 1257 1203 1335 (sic
1226 1269 1349 1315 extrem.

254 1332 331 1451 χ1101
358 1362 418 1421 esp.
440 1338 599 1419 vetustas),
629 1338 676 1397 cui
697 1339 760 1396 add.
780 1338 1005 1420 Pabstchlog.»
1026 1337 1118 1396 Tacit.
1140 1358 1167 1416 p.
1192 1340 1259 1396 304.
1296 1338 1350 1395 In*

263 1426 360 1497 ,genia
376 1433 447 1481 sunt
467 1421 601 1481 homiues
621 1419 740 1501 ingenio
761 1420 1086 1502 praediti—insignes,
1116 1417 1144 1475 h.
1166 1418 1184 1476 l.
1206 1429 1348 1479 oratores.

303 1522 318 1531 '⁴
354 1512 599 1592 existimandum,
623 1515 667 1598 st]
700 1517 779 1598 Lips.
804 1539 820 1577 e
848 1518 1017 1577 coniectura
1038 1516 1161 1597 probate
1187 1514 1349 1574 editoribus

234 1613 243 1685 t
272 1601 489 1682 posterioribus
517 1612 633 1682 praeter
653 1599 739 1658 Bacb.
769 1611 799 1658 et
820 1600 893 1658 Bitt.
917 1604 958 1657 sit
981 1598 1175 1678 interposuit,
1204 1617 1260 1676 pro
1289 1617 1350 1675 quo

233 1688 237 1727 ἕ
272 1682 384 1743 Osann.
405 1695 435 1741 et
454 1681 600 1741 Boetticb.
622 1681 747 1739 trabeam
770 1702 805 1739 ex
826 1682 879 1739 Ed.
893 1682 980 1740 Rom.
1001 1681 1077 1760 (nou
1100 1677 1172 1737 Cod.
1195 1679 1281 1737 llum.
1301 1677 1349 1736 rd.

275 1762 367 1823 Orell.
388 1762 506 1844 praelat.
529 1786 556 1843 p.
574 1761 734 1839 XXVlll.),
752 1755 863 1843 ‘de‘qua
883 1761 1009 1821 formula
1029 1761 1169 1840 loquendi
1187 1759 1222 1818 cs.
1239 1779 1294 1817 nos
1315 1759 1353 1819 ad

274 1866 319 1923 cp.
340 1849 388 1903 31.
424 1843 534 1903 Baebio
556 1855 586 1902 et
604 1842 723 1902 Rittern
745 1843 815 1903 baec
842 1842 952 1924 ellipsis
981 1863 1041 1902 uon
1063 1844 1135 1901 dura
1154 1862 1208 1900 uec
1229 1863 1245 1900 a
1264 1839 1351 1899 Taci-

272 1924 338 1984 tino
359 1926 467 2007 genere
488 1923 634 1983 scribendi
653 1923 814 1985 abhorrere
833 1925 962 2000 ridetur,
983 1947 1072 2004 quum
1089 1923 1151 1984 aliis
1167 1922 1240 1982 locis
1255 1931 1351 1982 essent

274 2005 408 2065 omiserit
437 2004 518 2065 velut
543 2005 621 2064 Anu.
641 2007 666 2080 l,
689 2011 716 2064 7.
738 2012 786 2064 65.
816 2008 867 2080 Vl,
889 2012 937 2065 35.
968 2007 1047 2079 XVl,
1070 2012 1118 2065 26.
1149 2004 1226 2064 Hist.
1249 2006 1271 2078 l,
1301 2007 1351 2063 85.

273 2087 372 2148 Boett.
392 2086 462 2145 Lex.
483 2087 551 2147 Tac
566 2085 707 2169 Prolcgg.
728 2110 756 2166 p.
777 2088 939 2146 LXXXIV.
962 2088 998 2147 de
1021 2086 1112 2167 ellips.
1134 2085 1214 2145 verb.
1237 2106 1306 2143 esse.

240 2230 245 2247 Ι
363 2167 493 2226 Hercule
552 2167 646 2226 Hand.
671 2167 799 2227 Tursell.
827 2168 895 2226 Vol.
922 2171 970 2228 ΙΙΙ.
1000 2190 1029 2249 p.
1059 2172 1204 2227 55-61.
1232 2166 1268 2225 de
1297 2165 1353 2226 bae

237 2280 240 2301 ι
272 2246 388 2309 iurandi
401 2247 497 2308 formu
511 2270 527 2307 a
540 2248 650 2307 Latinis
670 2248 906 2328 frequentissima
922 2248 1090 2309 doctissime
1106 2247 1253 2330 exposuit,
1271 2248 1352 2307 unde

273 2328 345 2390 baec
365 2332 479 2389 tantum
504 2329 716 2390 transscribere
736 2330 851 2411 placuit.
892 2331 1055 2390 »Dixerunt
1074 2351 1146 2390 vero
1166 2328 1262 2388 Latini
1281 2330 1349 2388 lter-

274 2414 355 2483 cul'e,
383 2413 498 2485 hercle,
518 2412 665 2484 hercules,
689 2412 847 2486 mehercle,
871 2414 1076 2470 mehercules«
1092 2446 1132 2455 -
1174 2411 1300 2475 »llerfele
1320 2420 1352 2469 et

273 2491 465 2553 sCieeronis
495 2492 563 2552 inde
587 2504 721 2571 tempore
751 2494 915 2552 mehercule
944 2492 1116 2570 cuicumque
1147 2491 1274 2549 orationi
1302 2501 1352 2549 aut

273 2574 445 2656 praefigitur
459 2586 508 2632 sut
526 2573 682 2648 inseritur,
705 2572 778 2653 quae
794 2596 860 2634 cum
877 2573 1268 2647 maiorexassererationeet
1284 2592 1351 2631 eum

273 2656 406 2714 veritatis
426 2654 635 2729 affirmatione,
665 2655 713 2714 vel
733 2667 798 2715 c'um
820 2655 1015 2715 obtestatione
1035 2655 1173 2714 ellertur:
1204 2665 1352 2733 quietern

273 2736 346 2796 varii
369 2753 438 2794 sunt
457 2736 592 2817 generis,
613 2746 647 2794 ut
667 2737 781 2818 singula
803 2758 864 2796 non
885 2737 1002 2817 possint
1022 2737 1117 2795 omnia
1140 2734 1278 2814 exemplis
1300 2735 1351 2794 de-
1383 2776 1387 2781 -

274 2816 401 2877 clareti«
416 2845 453 2872 κ-
480 2819 529 2874 »ln
549 2816 689 2895 prosaicis
710 2818 793 2877 libris
814 2819 962 2877 difficilius
984 2839 1099 2897 semper
1120 2816 1177 2875 erit
1196 2817 1352 2890 tffirmare,

273 2910 374 2957 utrum
397 2898 510 2970 hercle,
532 2917 568 2955 an
588 2898 705 2957 hercule
725 2900 761 2957 ab
781 2912 901 2958 auctore
922 2900 1086 2978 profectum
1110 2898 1163 2957 sit:
1187 2919 1251 2956 uam
1273 2898 1352 2956 veri-

274 2990 323 3037 ent
348 2977 521 3057 plerumque
542 2978 703 3037 codiceso
732 2980 781 3038 Sic
807 2979 838 3037 in
865 2979 991 3061 Dialogo
1013 3000 1147 3059 quoque,
1180 2978 1232 3037 ubi
1255 2978 1350 3037 decies

273 3058 397 3141 legitur:
425 3080 488 3139 epp.
509 3064 537 3116 5.
559 3065 587 3116 8.
610 3061 656 3119 14.
683 3062 729 3120 19.
749 3066 797 3120 21.
818 3067 857 3119 26
880 3059 964 3142 (bis).
987 3066 1034 3122 30.
1057 3067 1105 3120 34.
1128 3065 1176 3120 39.
1206 3059 1296 3118 Kritz.
1316 3061 1352 3120 ad

275 3140 343 3199 Sall.
363 3143 423 3221 lug.
446 3144 513 3198 110.
534 3140 632 3198 hercle
652 3140 775 3200 lormarn
796 3162 811 3200 a
833 3141 951 3200 comicis
965 3154 1140 3220 ‘usurpatam
1161 3141 1217 3200 dici

356 3242 395 3280 ac
415 3217 489 3301 rmn]
525 3222 547 3278 Ι.
565 3223 593 3280 e.
613 3242 646 3280 ac
666 3244 739 3282 non*
755 3222 854 3305 potius
883 3224 977 3282 Haud.
998 3224 1085 3282 Turs.
1111 3222 1178 3282 Vol.
1197 3225 1221 3298 l,
1292 3221 1351 3281 ib.

274 3302 294 3361 l.
314 3297 420 3363 citavit.
876 3356 879 3361 .

355 3395 388 3442 ut
402 3389 510 3443 nostris
526 3386 723 3465 temporibus,
742 3386 908 3469 bominum]
938 3398 969 3446 ut
993 3386 1092 3447 omiss.
1116 3386 1148 3446 iu
1169 3385 1263 3445 Codd.
1286 3388 1350 3445 Par.
1438 3401 1446 3409 “

274 3464 361 3523 Vind.
380 3477 449 3523 vett.
467 3466 539 3524 Edd.
553 3467 667 3526 Dronk.
684 3467 826 3528 Osanne
845 3468 918 3530 Cot.
928 3472 952 3528 F
952 3492 1013 3529 arn.
1030 3468 1142 3549 recepit
1154 3468 1244 3545 Lips,
1263 3487 1350 3543 quem

273 3558 395 3605 recentt.
411 3558 482 3604 sunt
493 3548 595 3605 secuti.
618 3550 711 3608 Recte
723 3549 870 3627 Xuebner.
881 3552 915 3609 ad
925 3550 985 3610 Cic.
995 3554 1083 3610 Tusc.
1094 3553 1154 3623 l,8,
1168 3554 1212 3606 15.
1229 3544 1349 3603 statuit:

242 3636 254 3695 t*
274 3628 322 3684 »Iu
339 3627 482 3685 eiusmodi
498 3628 657 3687 enunciatis
680 3629 814 3709 ellipticis
836 3632 976 3711 particula
993 3642 1024 3689 ut
1039 3629 1103 3710 (ὥς)
1129 3626 1274 3707 duplicem
1290 3624 1350 3684 vim

274 3705 376 3777 babet,
403 3701 454 3765 'aut
473 3711 663 3789 exaequandi
684 3722 734 3769 aut
752 3712 954 3784 restringendi.
995 3710 1091 3771 Cardo
1108 3709 1150 3767 rei
1170 3707 1299 3767 vertitur
1319 3707 1351 3766 in

272 3788 437 3869 praedicato
454 3809 553 3847 rerum
575 3803 812 3872 comparatorum.
854 3792 971 3851 Etenim
987 3792 1050 3851 eius
1064 3790 1109 3849 rei
1124 3810 1247 3870 quacum
1261 3789 1352 3848 alters

222 3920 227 3924 .
273 3879 456 3948 comparatur
476 3870 670 3949 praedicatum
697 3872 875 3954 cogitatione
902 3872 1042 3953 ponitur,
1071 3882 1118 3947 et,
1148 3881 1291 3950 quatenus
1319 3871 1352 3931 id

267 3956 322 4008 'aut
348 3949 519 4008 affirmative
546 3963 598 4010 aut
624 3954 757 4035 negative
786 3954 925 4034 ponitur,
958 3965 1067 4017 utsut
1095 3952 1272 4033 exaequandi
1300 3964 1351 4011 aut

271 4031 470 4114 restringendi
490 4032 520 4090 vi
539 4031 714 4108 instruitur,
737 4047 766 4094 et
786 4047 836 4095 out
852 4057 906 4117 per
920 4047 1055 4096 nostrum
1072 4038 1118 4094 uls
1134 4047 1184 4093 eut
1198 4056 1253 4116 per
1265 4053 1350 4113 prae·

271 4112 449 4192 positionem
462 4109 519 4192 [ἂν
539 4114 739 4195 explicandum
759 4129 832 4178 est«
874 4119 924 4178 Sic
944 4118 973 4179 lt.
994 4117 1012 4177 l.
1035 4117 1095 4188 viu>
1115 4116 1204 4176 babet
1224 4114 1350 4175 restrin·
1447 4171 1454 4177 .

270 4194 376 4276 prendi,
406 4214 471 4255 nam
492 4195 670 4279 cogitatione
689 4199 829 4288 ponitur,
856 4212 1030 4277 nostrorum
1057 4211 1226 4281 temporum
1253 4196 1351 4257 bomi-
