2968 4810
156 354 161 369 .
251 260 295 331 41
575 259 733 345 Dialogus
752 260 791 322 de
811 259 999 331 Oratoribus

249 413 441 516 principum
463 413 549 489 tueri
569 412 606 486 'et
626 412 808 488 detondere
835 411 943 487 datur.
1001 414 1088 487 Tum
1114 413 1196 487 mihi
1223 441 1327 514 snpra

250 514 441 589 tribunatus
463 529 496 587 et
519 529 694 613 praeturas
718 530 751 587 et
775 512 967 587 consulatus
990 512 1170 587 ascendere
1198 511 1327 635 ridear,

150 682 157 691 '
251 680 334 742 missi
360 680 391 740 in
420 681 537 741 civitate
570 681 717 742 valuerint
752 679 869 757 liberti,
903 681 1090 763 potissimum
1124 681 1193 743 inde
1221 705 1237 742 a
1266 682 1328 743 Ne·-

157 829 160 837 ,
250 784 345 840 rone,
378 759 429 842 qui
458 762 511 823 Pol
536 762 612 823 cleto
645 762 768 825 nimium
801 759 915 822 favebat
942 785 969 824 r.
995 762 1070 823 Ptin.
1099 765 1173 845 Epp.
1202 766 1255 836 Vl,
1278 768 1328 843 31.

251 846 320 905 Tac.
349 843 426 902 Anu.
448 846 489 903 xt
519 850 617 920 ,39.,
641 856 788 906 testantur
813 843 898 904 multi
925 844 983 905 loci
1011 846 1080 906 Tac.
1103 847 1181 905 Anu.
1202 847 1254 920 lV,
1276 850 1328 905 23.

144 957 151 966 -
198 942 202 983 t
251 928 329 1006 Rup.
350 926 499 1000 Χ111,27.
525 925 694 1008 Plin.Epp.
716 928 769 1000 Vl,
790 929 839 984 31.
869 925 1090 1008 θηεῑοη.·Αιις.
1111 933 1160 987 67.
1180 960 1222 974 -
1252 927 1328 985 mul-

191 1068 194 1081 ,
251 1018 298 1068 tos
324 1006 495 1067 libertorum
522 1012 553 1067 in
580 1009 690 1068 honore
716 1015 745 1066 et
767 1028 821 1065 usu
848 1012 980 1067 maximo
1008 1007 1119 1066 babuit.
1158 1005 1328 1067 ctautm

123 1137 131 1149 .
187 1084 210 1115 ¹*
250 1088 436 1149 Libertdrum
455 1094 618 1168 praecipue
638 1091 771 1170 suspexit
786 1087 914 1147 Posiden
928 1088 1089 1169 spadonem
1107 1121 1154 1147 -.
1175 1086 1268 1172 Calig.
1278 1093 1329 1148 56.
1445 1110 1469 1171 J

251 1192 309 1231 reon
329 1173 392 1229 sine
412 1176 591 1230 eorzseientr'a
608 1173 876 1252 potentissimorum
898 1171 1068 1229 libertorum
1093 1169 1330 1249 praefectorum-

203 1306 219 1317 ,
253 1274 309 1336 pue
327 1256 482 1334 praetorii.
510 1252 609 1311 Vitell.
629 1259 658 1313 2.
696 1251 853 1311 Claudium
881 1253 1022 1311 uxoribus
1048 1253 1216 1334 libertisque
1241 1252 1330 1310 edeta

143 1368 149 1373 =
252 1345 332 1394 etum
353 1346 409 1393 etc.
439 1333 550 1421 Liberti
570 1344 649 1393 tanta
666 1335 877 1413 Imperatorum
897 1333 988 1415 gratia
1007 1331 1148 1394 {latentes
1171 1333 1246 1393 haud
1262 1354 1330 1393 raro

250 1427 459 1499 procuratores
476 1415 607 1475 suerunt.
643 1413 718 1475 Ptin.
740 1412 814 1495 Epp.
836 1416 888 1489 Vl,
912 1419 961 1474 31.
981 1427 1248 1474 commemorantur
1266 1417 1330 1474 En-

239 1497 403 1582 sytbmus,
422 1499 461 1571 X,
484 1501 530 1557 17.
551 1501 598 1556 36.
640 1495 796 1571 Maximus,
821 1493 953 1556 Caesaris
974 1495 1135 1577 (Traiani),
1157 1496 1330 1557 Suenotb.

255 1586 284 1641 7.
306 1578 435 1639 Neronis
453 1588 664 1659 procuratores
685 1589 775 1658 atque
795 1578 900 1637 liberti.
949 1578 1165 1637 Procuratores
1183 1577 1331 1660 (taleporos

253 1658 443 1740 -drerunrad
463 1658 592 1719 instituti
611 1659 646 1719 ab
667 1662 714 1719 Au
758 1670 805 1719 stn
822 1680 850 1718 v.
865 1658 955 1719 Dion.
971 1657 1052 1720 Cass.
1067 1661 1141 1735 Llll,
1153 1666 1205 1719 15.
1220 1682 1247 1742 p.
1262 1667 1332 1720 708.

252 1742 348 1803 licitu.
369 1741 437 1802 inde
456 1740 492 1800 ab
513 1763 537 1801 a.
559 1747 618 1800 727
644 1741 683 1800 U.
732 1783 759 1815 .,
788 1760 849 1819 quo
869 1740 1036 1822 provincias
1062 1762 1128 1801 cum
1149 1754 1253 1802 senatu
1274 1760 1331 1821 po-

251 1822 383 1905 puloque
403 1822 528 1918 partitus
555 1834 616 1895 est,
646 1833 681 1881 ut
700 1821 870 1903 prouinciae
891 1821 1053 1885 senatoriae
1074 1822 1087 1903 (
1105 1814 1332 1903 'rac'onsulares)

253 1915 371 1979 essent,
403 1925 434 1963 m
454 1925 527 1982 quas
546 1915 753 1984 propraetores
775 1902 823 1963 vel
842 1903 1037 1984 proconsules
1057 1846 1110 1964 rel
1125 1905 1271 1985 praesides
1291 1936 1331 1951 -··

252 1988 378 2062 ‚tymeus
395 1984 618 2059 mittebantur,
631 1997 660 2044 et
681 1983 840 2047 Caesareae
860 1983 1072 2066 (consulares),
1093 1997 1187 2055 erant¹
1198 1985 1354 2046 homines·
1470 1982 1471 2035 l

133 2090 136 2095 ·
253 2067 360 2149 privati
384 2065 431 2126 vel
451 2062 579 2146 equites⁴
593 2066 639 2127 vel
661 2065 812 2141 libertini,
839 2067 890 2146 qni
909 2087 971 2126 non
989 2066 1088 2126 vsolum
1110 2067 1142 2127 in
1166 2067 1333 2148 provincias

253 2148 411 2209 Caesarum
431 2146 641 2223 mittebantur,
667 2160 703 2207 ut
717 2147 820 2208 omnia
839 2146 968 2223 tributa,
983 2148 1108 2211 xreditus
1126 2148 1238 2230 aliaque
1258 2167 1334 2244 qnae

252 2230 290 2291 ad
309 2230 413 2291 fiscum
433 2229 633 2310 pertinerent,
658 2228 857 2312 colligerent,¹
878 2231 964 2289 etiam
984 2229 1016 2288 in
1035 2228 1219 2304 mineribus,
1245 2242 1282 2290 ut
1301 2250 1334 2291 ru
1377 2283 1379 2287 .
1468 2304 1471 2315 .

252 2313 368 2387 Ponto,
400 2311 512 2392 Epiro,
539 2311 660 2384 ludasa,
694 2310 741 2371 ins
769 2310 902 2373 dicerent
927 2310 986 2392 (sic
1012 2312 1138 2372 Pontius
1164 2311 1274 2372 Pilatus
1301 2310 1334 2370 in

252 2415 340 2455 eausa
362 2389 577 2473 lesu-Christi)
598 2403 629 2453 et
648 2390 804 2457 Caesarum
832 2392 949 2475 praedia
969 2410 1144 2473 omnemque
1164 2414 1227 2454 rem
1248 2391 1333 2453 iami-

253 2476 355 2537 liaeem
381 2472 636 2549 administrarent,
665 2474 717 2534 sed
745 2474 831 2534 etiam
859 2473 890 2533 in
915 2475 1091 2544 senatorias,
1120 2484 1238 2534 utana
1265 2490 1334 2533 enm

253 2556 459 2638 quaestoribus
479 2555 649 2638 vigesimam
673 2554 898 2629 hereditatium,
929 2546 1006 2616 bona
1025 2555 1131 2616 caduca
1145 2554 1257 2634 aliaque
1276 2553 1334 2613 tri-

254 2639 324 2699 buta
352 2650 382 2698 et
410 2637 523 2707 reditus
550 2637 798 2699 extraordinarios
824 2636 855 2697 in
883 2637 992 2715 liscumx
1014 2636 1172 2718 (aerarium
1192 2633 1334 2716 militare)

199 2762 201 2767 ,
253 2718 411 2781 Caesarum
425 2729 582 2802 cogerent,
604 2719 683 2781 unde
697 2721 861 2779 rationales
881 2729 912 2779 et
932 2721 1092 2779 rationarii
1110 2715 1267 2778 Caesarum
1285 2715 1333 2777 vel

189 2860 193 2863 a
253 2811 408 2863 curatores
428 2799 618 2880 dicebantur,
646 2821 736 2881 quare
756 2799 792 2867 ab
814 2822 838 2859 a.
860 2806 928 2859 758.
949 2802 988 2859 U.
1018 2798 1125 2880 duplex
1148 2821 1242 2882 genus
1262 2818 1335 2878 pra*

251 2893 422 2944 cumtorum
444 2892 490 2941 est
510 2881 743 2943 discernendum.
786 2879 832 2942 Ci.
854 2879 973 2941 Walch.
996 2882 1032 2941 ad
1051 2882 1150 2961 Agris.
1170 2884 1198 2942 4.
1218 2904 1246 2961 p.
1269 2881 1334 2940 134.

256 2966 303 3026 14.
324 2986 352 3044 p.
373 2963 443 3024 aet.
479 2964 604 3045 Rupert.
624 2964 660 3026 ad
681 2966 758 3023 Anu.
780 2965 832 3040 lV,
856 2966 901 3023 15.
937 2960 1042 3023 Creua.
1063 2962 1179 3022 Abriss.
1196 2963 1225 3023 d.
1246 2964 1333 3022 lidus.

253 3044 383 3107 Attente
403 3044 432 3126 §.
455 3047 523 3106 184.
551 3047 635 3105 Fusa.
657 3042 762 3126 Comp.
787 3044 905 3124 Antiqq.
926 3045 1013 3106 Rom.
1032 3043 1061 3125 d
1086 3048 1153 3104 129.

340 3130 419 3186 tueri
433 3135 463 3184 et
482 3124 655 3209 defendere]
684 3128 765 3187 Haec
784 3147 951 3210 synonyma
971 3126 1210 3208 coniunguntur:
1231 3125 1333 3184 Germ.

222 3204 230 3279 l
256 3209 304 3269 14.
326 3209 407 3268 illum
429 3205 595 3285 defendere,
615 3212 702 3282 tueri,
723 3227 779 3268 sua
796 3228 908 3287 puopae
918 3206 1019 3286 fortia
1031 3205 1123 3284 saeta
1138 3209 1255 3282 gloriae
1272 3210 1333 3265 eius

222 3326 226 3345 .
253 3292 410 3364 assignare
432 3293 626 3373 praecipuum
654 3300 873 3350 sacramentum
901 3300 952 3349 est.
995 3287 1058 3349 cte.
1077 3290 1150 3370 Epp.
1171 3288 1207 3347 ad
1227 3290 1333 3346 Famm.

255 3373 336 3446 Xlii,
365 3371 414 3449 64.
460 3368 610 3453 Nysaeos,
639 3393 711 3453 quos
738 3372 819 3434 Nero
849 3376 879 3430 r‘n
926 3375 1010 3430 muris
1036 3371 1126 3446 belet
1153 3373 1335 3429 necessarios

254 3452 532 3534 diligentissimeque
557 3464 656 3514 tuetur
676 3473 714 3513 aa
737 3451 874 3532 defendit.
914 3453 1072 3513 eOrator.
1091 3454 1114 3527 1,
1136 3457 1188 3526 36,
1212 3455 1279 3510 172.
1294 3480 1335 3494 -·
1413 3507 1418 3513 .
1464 3458 1472 3488 ⁴

252 3554 340 3615 posse
359 3553 392 3592 se
411 3530 508 3610 facile
528 3539 633 3595 ceteris
655 3538 748 3593 armis
768 3534 945 3612 prudentiae
964 3537 1043 3593 tueri
1061 3544 1151 3611 atque
1171 3529 1334 3607 defendere.

255 3615 398 3674 de'Finn.
419 3615 454 3688 ll,
476 3615 506 3675 4.
540 3615 638 3695 ¹Quid
665 3615 784 3674 dubitas
809 3619 900 3688 igitur
926 3615 960 3674 r'd
987 3618 1081 3688 tueri,
1111 3614 1144 3672 id
1170 3609 1334 3689 defendere.

254 3695 395 3757 Doederl.
414 3695 476 3753 Lat.
496 3694 569 3780 Syn.
592 3694 661 3756 Vol.
682 3698 780 3775 11.-ρ.
803 3702 873 3756 306.
1331 3738 1334 3745 ·

203 3824 207 3841 .
338 3773 445 3855 datad
465 3776 621 3837 Str-ustura
640 3776 727 3837 huius
747 3776 830 3836 verbi
849 3797 916 3837 cum
934 3775 1084 3835 infinitivo
1103 3784 1153 3832 ant
1173 3792 1239 3832 cum
1259 3790 1334 3830 con·

199 3850 205 3913 ι’Ι
256 3854 456 3918 iunctioribus
478 3868 510 3916 ut
538 3880 558 3919 e
623 3879 658 3916 ne
674 3869 827 3939 poetarum
847 3868 877 3916 et
891 3858 1068 3938 scriptdrnm
1082 3865 1236 3935 argenteae
1255 3862 1334 3911 aeta-

193 3950 201 4017 ,
255 3938 295 4000 tis
315 3936 434 4020 propria
451 3949 515 4014 est,
634 3938 720 3998 linxit
740 3959 776 3998 ex
803 3937 964 3998 imitatione
984 3939 1182 3996 Graecorum:
1212 3935 1334 3993 Homer.

257 4019 290 4082 11.
307 4026 337 4097 3,
354 4025 423 4080 322.
443 4024 487 4079 adr
506 4025 553 4088 dds
571 4025 759 4098 ἀποφθίμενον
776 4025 851 4080 dairas
869 4018 1058 4094 ddptoa'Atdoe
1073 4026 1149 4079 elau.
1172 4018 1245 4077 Hor.
1259 4017 1333 4096 Epp.

257 4103 282 4177 1,
306 4107 356 4179 16,
376 4105 425 4163 61.
467 4102 518 4163 lla
546 4104 618 4163 mitt
635 4100 764 4180 fallere,
795 4102 838 4162 da
863 4105 939 4161 iusta
960 4111 1121 4181 sanataque
1141 4100 1244 4160 rideri.
1264 4097 1333 4177 ibiq.

258 4182 387 4249 Scbruid.
406 4183 476 4245 Tac.
495 4184 574 4247 Anu.
594 4186 645 4260 w,
667 4189 696 4245 6.
717 4217 754 4230 -
779 4183 964 4265 dabatumrw
982 4184 1163 4265 prirnoribus
1182 4181 1334 4241 disseras.
