2970 4808
222 274 285 342 ,94
420 250 427 266 ’
566 232 787 359 1111110ςο1ὶᾶ1
809 273 1068 371 Oratoribus,

242 431 292 508 vel
317 429 497 536 Mytilenas
522 430 686 505 contentia
709 426 982 505 scholasticorum
1010 400 1212 507 clamoribus
1229 456 1324 530 qua.

242 535 300 623 tit,
334 555 434 703 qnam
459 531 544 603 Aser
568 544 626 601 aut
649 528 829 602 Africanus
851 547 909 602 ant
937 558 996 602 vos
1023 529 1090 632 ipsi
1116 558 1135 603 a
1161 530 1324 639 Cicerone

243 648 340 723 anta
386 628 510 703 Asinio
532 627 735 705 recessistis.
994 658 998 661 ·

115 842 118 855 .
242 796 337 881 ittae)
371 790 510 859 aTacito
536 791 758 879 frequentatur:
779 793 862 859 dnn.
883 796 934 874 Vl,
955 799 1004 859 43.
1045 793 1140 859 Hiero
1168 802 1198 859 ot
1220 799 1252 858 si
1275 799 1331 883 qni

198 852 211 953 l,
242 886 301 944 otii
319 883 463 942 delectum
488 878 628 961 capiendo
649 879 817 939 diademati
841 879 918 939 diem
940 880 1023 939 baud
1043 883 1323 943 concelebraverant.

242 968 307 1041 xo,
330 969 378 1039 38.
418 961 533 1021 Perseo
560 961 666 1021 Lucina
692 961 818 1020 Paullus
844 971 874 1019 et
903 963 932 1019 si
956 965 1007 1044 qni
1031 964 1086 1020 nlr't'
1112 962 1220 1024 vinctos
1240 984 1325 1039 reges

241 1039 348 1134 popolo
368 1036 503 1105 Romano
522 1043 683 1102 ostendere.
711 1036 800 1102 Bacb.
820 1040 855 1101 ad
877 1038 955 1101 Hist.
974 1047 998 1117 1,
1019 1046 1067 1103 37.
1181 1060 1185 1069 ·
1221 1048 1246 1073 '··

319 1134 489 1226 Mytilenas]
516 1137 649 1201 Praestat
671 1132 743 1199 baec
758 1138 903 1220 scriptura
919 1142 1088 1203 confirmata
1102 1137 1168 1202 lect.
1184 1142 1324 1227 Myrtilo.
1415 1130 1422 1143 ⁹

245 1236 301 1287 nna
330 1222 404 1287 cod.
424 1224 510 1283 Farn.
532 1232 562 1282 et
576 1220 702 1281 nummis
723 1242 767 1301 ap.
788 1220 907 1282 Eckhel.
922 1220 1026 1283 Docte.
1042 1224 1129 1297 Num.
1149 1227 1229 1284 Vett.
1239 1225 1275 1287 T.
1289 1226 1323 1284 ll.

250 1317 274 1367 '.
296 1313 365 1366 303.
385 1306 433 1366 vd.
456 1302 558 1365 Plebn.
579 1303 708 1365 Lesbiae.
729 1326 757 1383 p.
777 1307 829 1379 11.
854 1303 973 1363 Ruunt.
994 1305 1029 1365 ad
1051 1305 1126 1366 Vell.
1144 1306 1207 1377 Pat.
1223 1307 1259 1383 tt,
1278 1312 1324 1367 18.

245 1332 393 1450 bckstein.
415 1386 449 1446 ad
469 1385 498 1444 h.
515 1384 533 1443 l.
559 1383 620 1446 Cic.
628 1386 704 1465 Epp.
724 1384 759 1444 ad
769 1385 847 1445 Fam.
861 1389 913 1461 IV,
931 1391 959 1444 7.
979 1386 1014 1445 ad
1028 1386 1190 1462 Attinvll,
1210 1395 1237 1447 7.
1260 1385 1325 1471 (re-

246 1482 321 1552 cept.
342 1469 377 1529 ab
399 1464 492 1528 01111.
514 1487 530 1527 1
552 1464 627 1527 Cod.
647 1463 784 1545 Media),
806 1477 923 1548 recepta
944 1488 960 1526 a
979 1467 1094 1528 Dronk.
1114 1464 1205 1528 ortt:
1225 1472 1326 1530 Boett.

245 1555 324 1633 Rnp.
345 1547 463 1610 Waltb.
490 1547 578 1608 Bacb.
601 1546 676 1608 Ritt.
695 1567 751 1628 pro
774 1548 950 1631 Mitylenas,
983 1570 1056 1631 qnae
1084 1562 1178 1610 exstat
1207 1552 1238 1611 in
1261 1551 1325 1633 ple·

242 1630 347 1713 aisque
375 1632 469 1706 an,
505 1651 670 1710 quanquam
696 1627 870 1704 dubitarim,
899 1652 971 1690 num
999 1631 1144 1712 scriptura
1170 1634 1266 1717 Mttyt
1293 1632 1325 1694 in

252 1715 396 1793 'lerisqne
415 1710 508 1772 Codd.
519 1731 613 1794 graec.
636 1721 666 1770 et
684 1709 732 1770 lat.
753 1723 869 1794 reperta
884 1732 1009 1794 prorsus
1031 1712 1071 1774 sit
1087 1713 1256 1787 damnanda.
1275 1715 1325 1776 vd.

245 1738 374 1877 ilerzog.
394 1794 429 1853 ad
451 1790 534 1854 Caes.
555 1793 590 1852 B.
611 1790 644 1852 C.
664 1794 715 1867 lll,
736 1792 803 1852 102.

329 1894 470 1953 contentis
488 1887 726 1961 scholasticorum
745 1890 924 1953 clamoribus
980 1894 1049 1975 atio]
1071 1902 1221 1954 contentus
1236 1895 1326 1955 schol.

247 1986 277 2055 at
297 1970 473 2035 clamoribus
487 1971 582 2032 Codd.
601 1973 687 2032 Farn.
708 1973 772 2032 Pas.
786 1971 874 2034 Vind.
888 1917 979 2037 111111,Λ
982 1986 1099 2056 praeter
1115 1977 1232 2037 Ernest.
1246 1978 1325 2035 Bro—

246 2054 450 2118 noscebat
480 2052 573 2114 Orell.
601 2050 636 2113 al.
656 2065 799 2131 secroto,
825 2054 857 2114 in
886 2078 956 2137 quas
980 2062 1122 2116 contentis
1149 2079 1185 2117 en
1212 2054 1326 2118 emend.

245 2132 323 2201 Pio.
350 2146 501 2218 receptum
528 2134 620 2196 eiecta
646 2135 751 2217 copula
780 2145 816 2195 at.
852 2138 884 2197 F.
910 2138 947 2198 A.
969 2138 1068 2199 Wolf.
1091 2161 1182 2200 verm.
1205 2140 1327 2200 sctritt

213 2238 217 2243 ·
246 2244 276 2303 p.
305 2225 373 2280 163.
422 2216 502 2293 »Qui
531 2226 696 2279 contentum
730 2217 845 2278 vocarit
879 2232 1016 2279 contenta
1045 2242 1120 2280 voce
1145 2220 1327 2300 loquentem,

247 2301 395 2365 neminem
414 2300 542 2374 scimus,
563 2319 601 2358 ne
621 2303 737 2380 poetam
758 2299 891 2379 quidem:
922 2322 976 2361 nec
996 2323 1067 2361 vero
1091 2301 1163 2362 illud
1181 2302 1239 2363 huc
1258 2325 1328 2384 per.-
1387 2364 1389 2367 .

247 2384 365 2444 tineret.
408 2382 457 2442 De
477 2378 630 2443 commotis
651 2380 801 2461 plausibus
822 2383 1036 2443 auditoriorum
1057 2405 1153 2444 sermo
1170 2397 1236 2458 est,
1265 2406 1328 2445 non

187 2492 198 2573 q
248 2458 284 2545 de
303 2465 461 2524 Stentorca
481 2460 610 2521 rhetoris
631 2461 816 2524 declamantis
835 2485 934 2524 voce«
976 2462 1120 2533 Contenta
1143 2486 1211 2525 oona
1229 2466 1330 2542 dicero

188 2576 191 2585 ¹
249 2544 312 2607 Cic.
336 2545 419 2609 Orat.
439 2548 489 2618 17,
502 2548 551 2603 56.
567 2553 698 2605 contante
716 2544 812 2605 dicero
825 2545 913 2606 Tusc.
934 2550 971 2619 11,
988 2550 1038 2622 24,
1054 2553 1104 2606 57.
1115 2553 1329 2608 contentissima

248 2630 406 2699 domitore
425 2625 472 2706 Ap
495 2623 533 2683 ul.
553 2624 634 2683 Flor.
654 2647 683 2684 n.
705 2628 755 2685 8ss
783 2625 914 2707 Quatere
937 2628 972 2688 de
993 2628 1066 2688 lama
1093 2651 1145 2710 gar
1230 2630 1328 2711 poetis

247 2710 398 2771 usitatum.
428 2648 525 2766 Valer.
546 2705 640 2766 Flaoc.
660 2707 698 2780 lt,
720 2712 786 2781 122.
808 2718 837 2768 at
861 2713 948 2768 motis
969 2715 1064 2793 quatit
1084 2716 1153 2793 oppr'
1172 2733 1192 2770 a
1213 2712 1328 2786 linguis.
1473 2770 1474 2783 ,

218 2812 225 2899 q
248 2794 288 2866 V,
309 2796 379 2851 273.
407 2808 575 2870 omnemque
602 2791 699 2871 quatit
726 2790 893 2851 rumoridus
918 2790 1041 2851 Arcton.
1070 2792 1122 2852 Sil.
1142 2793 1204 2853 ltal.
1226 2795 1276 2868 Ν,
1299 2800 1327 2855 7.
1378 2820 1381 2833 ·

220 2908 223 2917 ν
250 2872 279 2932 T
276 2869 400 2951 artificis
419 2873 516 2952 quatit
535 2868 679 2929 attonitas
700 2873 864 2931 rumoribus
883 2893 969 2931 circos
989 2873 1059 2953 ibiq.
1080 2874 1227 2934 Drakenb.
1259 2872 1329 2936 Cla-

249 2972 347 3017 mores
370 2950 593 3034 discipulorum‚
611 2970 686 3031 qnos
694 2951 813 3012 Nicetes
829 2953 1086 3016 declamationibus
1102 2955 1162 3016 suis
1173 2956 1331 3041 efficiebatq

148 3106 159 3119 ἡ
248 3032 324 3108 tanti
344 3044 446 3110 erant,
473 3044 508 3093 nt
527 3032 664 3114 Ephesus
689 3045 720 3094 et
737 3034 897 3120 Mytilenae
916 3049 1107 3114 resonarent,
1133 3050 1330 3101 concuteren-

247 3128 307 3176 tur.
815 3120 817 3131 ’

303 3258 305 3265 ,
331 3194 409 3276 Aser
435 3206 488 3255 out
510 3192 687 3274 Africanus]
724 3193 770 3257 cf.
796 3197 832 3257 ad
852 3198 929 3259 Dial.
949 3204 996 3260 13.
1038 3202 1131 3261 Iulius
1157 3198 1330 3280 Africanus,

165 3283 169 3293 '
250 3274 292 3339 fit
313 3278 366 3338 lul.
385 3276 517 3339 Africani
537 3299 553 3336 1
575 3276 726 3351 Santonis,
751 3278 862 3340 Gallica
882 3280 1017 3357 civitate,
1040 3283 1191 3343 aTiberio
1213 3284 1330 3345 damna-

249 3370 300 3421 tus
328 3359 375 3421 vd.
398 3360 643 3435 Ταῦ-11111171,
665 3365 704 3434 7.,
731 3359 850 3421 fratrem
876 3364 923 3422 vel
945 3364 1101 3446 cognatum
1132 3364 1235 3426 babuit
1256 3368 1331 3426 Sen-

248 3438 323 3502 tium
346 3438 537 3519 Africanum,
558 3442 608 3522 qui
629 3463 734 3502 census
756 3444 939 3523 per‘Gallias
962 3448 1023 3531 egit
1044 3453 1112 3523 813.
1135 3450 1173 3506 U.
1195 3446 1329 3524 osana.

250 3524 333 3597 XIV,
355 3524 405 3583 46.
447 3523 596 3595 Laudatur
622 3544 637 3582 a
667 3523 772 3597 Quint.
792 3525 832 3600 X,
856 3531 974 3601 1,118.
1006 3529 1070 3603 ΧΙΙ,
1096 3533 1144 3599 10,
1168 3533 1213 3587 11.
1261 3526 1331 3587 Fuit

250 3602 385 3687 adulator
403 3601 549 3677 abiectus,
576 3604 627 3684 qui
649 3616 750 3664 orator
770 3602 944 3687 legationem
968 3608 1106 3673 Gallicam
1128 3610 1252 3681 Romam
1274 3608 1330 3667 du-

252 3684 296 3747 xit
321 3691 389 3744 813.
416 3696 454 3747 ut,
480 3685 594 3759 Neroni
630 3686 744 3746 caedem
774 3689 874 3748 matris
905 3690 1030 3751 feliciter
1061 3701 1200 3768 patratam
1226 3702 1330 3773 gratu-

250 3764 377 3837 lar-etun
407 3767 454 3825 vd.
483 3761 551 3829 Tac.
577 3767 655 3827 dnn.
683 3768 763 3841 XW,
794 3774 841 3828 10.
880 3770 984 3844 Quint.
1001 3770 1090 3843 'Vlll‚
1119 3775 1149 3845 5,
1183 3778 1228 3831 15.
1259 3770 1329 3913 ibiq.

249 3846 483 3930 §paldltleyer
503 3848 603 3931 fragm.
626 3860 712 3908 oratt.
732 3850 818 3909 Rom.
839 3855 958 3932 [1246.
986 3853 1151 3913 Westerm.
1172 3853 1280 3915 Gesch.

252 3935 328 3991 rdm.
349 3928 546 3989 Beredtsamk.
567 3929 595 4012 ᾖ.
616 3931 663 3990 84.
680 3935 729 3989 31.
776 3984 780 3993 .

333 4036 387 4087 out
408 4047 458 4086 ros
470 4032 527 4108 ipsi
546 4049 567 4086 a
583 4028 724 4088 Cicerone
745 4039 799 4087 ant
818 4030 857 4088 ab
872 4028 976 4089 Asinio
996 4034 1168 4111 recassistis]
1189 4038 1242 4094 nos
1255 4032 1330 4094 Cod.

216 4108 226 4121 '
252 4109 339 4177 Farn.
355 4117 409 4168 out
422 4111 497 4171 tinio
518 4110 572 4179 Ed
589 4109 667 4191 Spin.
688 4120 741 4169 out
761 4110 864 4179 Asinio
887 4108 980 4173 Codd.
995 4114 1058 4174 Par.
1075 4115 1163 4174 vind.
1185 4115 1259 4179 Edd·
1273 4115 1332 4176 nini

240 4191 335 4277 qurod
342 4180 582 4285 thlbel-bllb
597 4201 653 4252 aut
666 4192 706 4252 ob
719 4189 824 4253 Asinio
838 4190 937 4255 eCod.
950 4194 1036 4265 Farn.
1050 4194 1133 4277 recte
1146 4209 1330 4280 receperunt,
