2970 4808
263 241 367 345 osa}
383 220 804 353 {sss-31:.:··÷·o:÷ms..e
829 257 1013 327 <trason

259 410 287 483 ti
313 409 363 485 ,is
394 406 602 511 temporibus
629 410 743 510 potios
771 408 944 484 ascribatis
977 422 1077 508 quom
1110 409 1242 484 nostris·
1266 436 1342 484 nou

201 514 204 519 ’
259 508 368 582 vieo.
419 511 503 582 Nam
528 524 565 580 ut
591 506 633 581 de
651 507 810 580 Cicerone
825 510 900 608 ipso
923 507 1061 606 loquar,
1087 508 1195 580 Hirtio
1218 536 1341 609 nempe

262 622 295 682 et
318 609 429 681 Pansa
451 605 664 698 consulibus,
689 624 728 679 ut
742 607 824 681 Tiro
849 607 989 679 libertus
1011 605 1083 679 eins
1108 607 1261 707 scripsit,
1285 634 1343 678 seq
1465 682 1466 709 ,

261 775 320 815 non
337 757 396 815 sibi
412 756 483 839 quid
505 757 694 817 detracturus
712 753 783 834 snit.
832 753 1108 816 commemorantur
1126 755 1227 837 iragm.
1248 766 1339 816 oratt.
1465 734 1466 763 ³

260 834 293 897 in
312 836 461 897 Vatinium
482 835 543 920 (2),
564 859 621 919 pro
642 836 676 899 C.
697 835 828 909 Catone,
856 858 911 917 pro
935 836 1116 912 Messio,'in
1137 838 1287 910 Drusum,
1307 836 1342 896 in

260 915 406 989 Asitium,
429 939 502 998 quae
522 919 568 978 vd.
589 940 634 1000 ap.
655 921 767 1002 Meyer.
786 916 890 998 lragm.
913 938 942 997 p.
961 921 1148 981 sot-soo,
1169 917 1340 980 Weieltert.

260 1018 291 1080 p.
307 1001 365 1057 112
380 1018 423 1079 sq.
465 1000 511 1059 De
532 997 624 1061 Calvo
644 1009 731 1080 poeta
751 997 821 1056 haee
842 1010 912 1061 sunt
931 999 1074 1071 tenenda,
1104 1018 1171 1057 eum
1190 999 1343 1057 maximam

264 1077 480 1158 quidemvitae
497 1093 610 1160 partem
633 1077 817 1159 eloquentiae
844 1077 958 1138 lorensi
980 1090 1010 1137 et
1038 1079 1131 1141 otium
1157 1080 1193 1138 ad
1212 1078 1343 1139 animum

260 1158 447 1220 relaxandum
467 1172 582 1221 tantum
602 1159 686 1242 poesi
702 1158 860 1232 tribuisse,
882 1170 980 1220 menen
997 1180 1064 1220 cum
1078 1158 1194 1219 Catullo
1216 1160 1255 1218 ob
1275 1180 1344 1219 mo-

261 1261 330 1301 rum
351 1253 381 1301 et
399 1241 565 1302 studiorum
585 1241 769 1323 poeticorum
784 1238 1003 1303 similitudinem
1023 1240 1154 1303 iunctum
1176 1261 1236 1300 non
1252 1241 1344 1300 multa

263 1320 390 1381 earmina
428 1322 601 1406 scripsisse,
645 1341 719 1405 quae
754 1320 920 1381 laudatores
956 1321 1115 1395 Ovidium,
1150 1323 1343 1403 Propertium

262 1399 394 1482 aliosque
411 1417 529 1484 praeter
548 1403 703 1465 Horatium
724 1413 754 1466 ct
774 1401 937 1464 imitatores
962 1414 1044 1462 nacta
1065 1413 1145 1476 sunt,
1166 1416 1196 1466 et
1217 1403 1342 1465 inerunt

262 1482 403 1545 amatoria
423 1504 513 1564 eaque
534 1484 740 1565 petulantiora,
761 1485 793 1542 lo
809 1504 925 1546 carmen
946 1482 1109 1559 heroicum,
1139 1485 1345 1566 epigrammata

262 1562 374 1625 famosa
406 1577 437 1624 et
465 1564 588 1646 epistola
610 1565 647 1624 ad
667 1584 809 1639 uxorem,
837 1564 868 1628 io
890 1565 1019 1629 numeris
1041 1577 1071 1628 et
1093 1565 1190 1628 verbis
1213 1566 1344 1639 duriora,

264 1665 391 1724 quorum
408 1645 509 1726 fragm.
526 1645 645 1727 collegit
665 1645 831 1707 Weichert.
863 1642 893 1709 in
913 1657 1067 1705 comment.
1088 1645 1125 1704 de
1139 1643 1172 1707 C.
1188 1645 1248 1704 Lic.
1262 1643 1345 1707 cair.

263 1736 352 1806 poeta
378 1725 409 1785 iu
429 1736 521 1805 poctt.
541 1726 622 1794 Lare
637 1726 722 1812 reliq.
751 1748 779 1809 p.
795 1731 834 1785 89
852 1747 894 1804 sq.
926 1727 981 1788 Vd.
1003 1726 1130 1788 Ellendt.
1158 1726 1294 1807 Prolegg.
1314 1748 1344 1806 p.
1376 1804 1381 1807 V

264 1801 387 1867 cxviii
402 1827 446 1885 sq.
468 1807 633 1869 Westerm.
654 1806 763 1868 Gesclr.
783 1807 812 1867 d.
829 1812 905 1869 roro.
926 1807 1058 1867 Beredts.
1079 1805 1111 1888 §.
1129 1813 1178 1867 70.

346 1886 482 1964 Brutum]
502 1889 545 1949 M.
563 1888 665 1953 Iunius
685 1888 796 1952 Brutus
814 1885 878 1966 (vd.
900 1886 973 1950 Dial.
999 1892 1045 1949 18.
1065 1893 1114 1948 21.
1136 1885 1221 1968 25.),
1244 1888 1285 1947 iil.
1302 1890 1344 1949 Μ.
1390 1910 1395 1915 ’

264 1965 353 2031 Bruti
380 1977 411 2027 et
439 1968 598 2044 Serviliae,
626 1980 685 2027 nat.
708 1973 776 2028 669.
799 1980 887 2030 mort.
908 1972 977 2029 711.
997 1971 1036 2035 U.
1058 1966 1093 2030 C.
1122 1981 1193 2048 post
1219 1991 1347 2051 pugnam

264 2046 500 2127 Philippensem,
529 2048 612 2111 cuius
641 2048 701 2111 vita
730 2047 798 2111 sotis
823 2060 893 2111 nota
922 2061 968 2109 est
997 2069 1033 2109 ex
1059 2049 1182 2113 historia
1204 2051 1347 2128 Romana,

264 2126 505 2210 familiarissimus
527 2128 585 2191 luit
604 2125 762 2203 Ciceroni,
785 2129 837 2211 qui
855 2129 881 2192 ei
902 2128 1053 2213 inscripsit
1071 2131 1214 2204 Brutum,
1235 2131 1349 2193 Orato-

265 2228 347 2282 rem,
379 2209 494 2275 Tuscu.
523 2210 671 2293 Disputt„
698 2211 805 2271 Libros
830 2210 868 2269 de
894 2210 1003 2276 Natus.
1026 2212 1116 2273 Deor.
1140 2222 1169 2272 et
1197 2212 1234 2273 de
1252 2213 1348 2277 Finib.

265 2288 375 2356 Bonor.
402 2301 432 2351 et
458 2292 567 2355 Maior.
596 2290 751 2373 magnique
780 2290 851 2353 fecit
885 2292 959 2375 eius¹
980 2288 1197 2379 philosophiam
1227 2305 1269 2375 et¹
1285 2293 1356 2354 elo<-

267 2370 433 2451 quentiam,
460 2383 495 2437 ut
514 2383 629 2433 veteres
653 2393 714 2436 non
740 2385 821 2435 recte
847 2372 984 2435 statuisse
1004 2374 1176 2453 uideantur,
1209 2373 1349 2453 quicum

266 2448 477 2595 philosophum
510 2452 650 2518 maiorem
685 2473 774 2531 quam
806 2464 954 2517 oratorem
984 2454 1075 2517 luisse
1111 2455 1249 2517 dicerem.
1290 2455 1349 2518 vt.

296 2530 344 2591 iat.
363 2538 414 2596 21.
434 2531 540 2607 Quint,
561 2535 601 2607 li,
624 2537 652 2606 1,
675 2538 743 2595 123.
783 2532 928 2609 Egregius
950 2555 1015 2599 seeo
1037 2537 1184 2617 multoque
1205 2550 1294 2621 quom
1318 2540 1349 2597 in

269 2614 451 2675 orationibus
473 2617 676 2696 praestantior
702 2614 814 2674 Brutus
840 2611 958 2691 suffecit
981 2617 1106 2695 ponderi
1125 2638 1245 2679 rernmc
1271 2621 1351 2677 scine

269 2712 336 2755 eum
354 2698 462 2757 sentire
482 2714 559 2776 quae
580 2694 662 2755 dicis.
679 2695 845 2754 Westerm.
867 2693 886 2757 1.
907 2693 925 2753 Ι.
947 2693 975 2775 ὅ.
997 2702 1044 2759 to.
1093 2698 1219 2780 Scripsit
1238 2697 1351 2759 omtio-

268 2793 323 2835 nes
349 2766 406 2856 pr'o
425 2795 502 2857 rege
531 2774 673 2837 Deiotaro
701 2771 791 2856 (Diui.
812 2779 861 2835 21.
888 2759 977 2839 habit.
1003 2777 1125 2839 Nicaeae
1154 2778 1185 2841 in
1211 2777 1352 2863 Bithynia

269 2858 338 2919 tot.
359 2857 398 2921 U·
419 2853 453 2920 C.
475 2856 522 2916 vd.
542 2853 604 2921 Cic.
628 2856 701 2936 Epp.
722 2855 758 2914 ad
776 2853 867 2914 Attio.
883 2858 960 2927 XiV,
983 2862 1008 2917 1.
1029 2858 1177 2935 Plutarch.
1193 2859 1277 2922 Brut.
1295 2858 1350 2940 6.),

269 2933 443 2999 concionem
472 2934 511 2997 Ca
535 2934 683 3009 itolinam,
705 2954 766 3075 pro
796 2934 894 3015 Appio
918 2934 1041 3001 Claudio
1066 2940 1213 3014 Pulchro,
1246 2939 1347 3001 lauda-

268 3012 381 3078 tiooem
402 3015 479 3096 App.
527 3015 635 3090 laudii,
656 3014 703 3074 lau
724 3015 851 3080 ationem
873 3014 1014 3092 Catonis,
1043 3020 1285 3096 declamationes,
1312 3019 1350 3081 li.

268 3092 341 3161 bros
371 3095 547 3171 historicos,
575 3095 702 3159 carmina
725 3095 831 3156 lasciva
860 3093 934 3163 etin.
955 3099 1029 3180 Epp.
1051 3102 1089 3175 V,
1111 3107 1158 3175 3,,
1191 3101 1283 3163 libros
1315 3101 1351 3163 de

269 3174 398 3252 virtute,
427 3187 487 3255 περὶ
507 3180 689 3249 καθήκοντος.
718 3176 755 3239 de
783 3176 909 3251 officiis,
939 3178 975 3240 de
1002 3182 1140 3260 patientia
1163 3193 1193 3240 et
1213 3181 1350 3262 epistolas

271 3255 397 3320 Graecas
418 3258 601 3337 Latinasque.
646 3258 706 3321 Sed
733 3278 807 3337 quae
828 3279 906 3319 nuuc
926 3258 1063 3320 feruntur
1092 3261 1179 3321 Bruti
1200 3262 1350 3344 epistolae,

271 3356 333 3402 non
354 3337 478 3399 multum
499 3350 569 3419 post
588 3338 675 3402 Bruti
694 3349 819 3399 mortem
842 3339 928 3401 fictae
948 3340 1095 3402 videntur.
1138 3340 1184 3403 Cf.
1205 3342 1351 3408 Plutarch.
1468 3382 1469 3393 2

269 3415 322 3479 rit.
344 3418 429 3484 Brot-
449 3418 579 3485 Wetaei.
597 3418 688 3499 prael.
708 3417 770 3480 cic.
790 3418 915 3499 Epistol.
934 3442 962 3500 p.
987 3426 1032 3483 11.
1068 3423 1194 3485 Ellendt·
1215 3423 1350 3505 Prolegg.

269 3518 299 3582 p.
319 3495 483 3561 CCXXVli
501 3521 545 3595 sp.
580 3501 692 3638 Meper.
721 3499 824 3583 fragm.
851 3522 880 3582 p.
901 3506 961 3563 205
984 3524 1026 3583 sq.
1055 3515 1086 3569 et
1114 3504 1150 3567 ad
1179 3502 1240 3567 Cic.
1268 3506 1350 3571 Brut.
1467 3504 1469 3507 ’

203 3645 207 3651 ,
269 3598 299 3664 p.
318 3583 347 3643 9.
377 3579 556 3644 (inomastrc.
576 3580 703 3641 Tolian.
723 3580 755 3641 P.
777 3584 811 3642 il.
831 3601 859 3662 p.
882 3585 951 3643 319.
980 3584 1073 3647 Oreil«
1094 3596 1123 3645 et
1143 3584 1249 3650 Baiter.

360 3680 431 3746 qnos
458 3660 573 3747 puidam
600 3682 652 3723 cur
672 3663 800 3741 antiquis
837 3665 1014 3743 temporibus
1035 3700 1073 3712 -
1095 3687 1153 3729 non
1181 3665 1271 3742 uideo]
1307 3664 1352 3731 De

270 3746 419 3883 pipppturo
445 3739 504 3805 loci
522 3740 570 3804 vd.
590 3740 747 3807 Stuerenb.
775 3742 812 3807 cd
833 3739 894 3805 Cic.
915 3763 959 3824 pr.
978 3743 1097 3810 Arctum.
1121 3751 1146 3810 1.
1167 3767 1198 3833 p.
1220 3749 1266 3809 19.
1298 3745 1350 3811 Ed.

354 3896 432 3975 Tiro]
463 3901 506 3966 M.
529 3901 557 3963 T
554 3901 641 3965 uilius
663 3901 732 3967 Tiro
758 3913 876 3983 praeter
897 3903 1007 3979 multos
1027 3905 1121 3969 libros
1143 3906 1179 3965 de
1200 3902 1352 3978 Ciceronis

271 3996 391 4061 quoque
416 3978 476 4040 vita
496 3982 630 4062 scripsit,
662 3982 714 4067 qui
733 3995 935 4049 memorantur
953 3985 988 4049 ab
1016 3987 1149 4049 Asconio
1168 3986 1298 4055 Pediano
1319 3985 1353 4049 td

162 4140 168 4147 ·
271 4075 316 4119 or.
343 4079 388 4141 pr.
408 4058 512 4125 Milon.
539 4066 584 4143 op.
608 4065 656 4127 st.
704 4063 747 4125 Et
774 4065 898 4139 legimus
924 4067 1007 4143 apud
1034 4068 1188 4142 Tironem,
1217 4068 1352 4129 libertum

274 4135 442 4213 Ciceronis,
469 4144 502 4205 in
518 4143 593 4207 libro
613 4154 723 4232 quarto
743 4143 860 4233 desita
879 4147 942 4210 etus
962 4169 1132 4231 oppressum
1152 4169 1175 4209 a
1196 4147 1299 4215 Clodio
1319 4146 1353 4209 L.
1468 4138 1469 4219 i
