2832 4808
260 272 262 275 ¹
307 279 374 370 ²7⁰,
646 272 802 354 Dialogus
822 272 860 333 dr
885 229 1066 332 Oratoribus
1104 242 1110 247 .

226 492 229 502 .
308 414 461 505 ardorem
488 426 656 524 ingemo,
691 431 774 525 qu'os
794 420 995 497 oratoribus
1027 422 1128 495 faces
1162 411 1382 493 admovebant

192 530 196 535 ¹
304 531 384 609 Non
417 528 460 602 de
489 529 594 601 otiosa
622 543 655 599 et
680 525 790 626 quieta
817 552 853 598 rc
885 523 1053 624 loquimur
1101 536 1159 593 et¹
1176 540 1280 617 quae
1302 513 1382 614 probi

166 695 174 709 ’
244 702 250 713 ”
309 695 412 777 Horat.
434 715 493 777 Sat.
513 700 549 788 ΙΙ,
572 718 600 787 Ι,
624 717 669 773 19.
685 672 762 853 Ψ
778 710 898 779 nuribus
918 680 1039 770 adonius
1057 707 1077 768 i.
1099 728 1135 788 q.
1160 702 1345 765 auditorem
1360 702 1382 783 all

229 834 230 838 ,
255 712 398 918 [quem
416 797 529 857 hahere.
548 795 596 885 vd.
617 792 684 855 Cic.
724 815 770 875 pp.
792 794 830 852 ad⁴
846 776 923 852 Mam.
944 794 1007 867 Vll,
1030 796 1077 850 33.
1100 797 1106 813 ‘
1145 845 1155 852 ,

390 931 463 1008 quus
481 899 647 968 oratoribus
659 904 747 986 sucos
767 905 969 982 admovebant]
997 904 1089 964 Faces
1110 910 1202 961 sunt
1224 894 1382 961 incitamenl

256 972 265 1073 ,l
298 1010 465 1064 acernmn,
495 1002 526 1051 et
543 988 629 1068 funis
657 989 811 1077 adprobare
838 989 930 1065 alieni
952 987 1059 1046 fortius
1089 982 1222 1044 dicitur
1250 1001 1339 1058 quam
1356 987 1382 1040 sti

248 1090 257 1153 ,t
311 1076 404 1135 mulos
423 1076 513 1134 alicui
536 1072 690 1145 admovere
718 1070 765 1131 vel
788 1071 907 1133 addere·
945 1068 1038 1129 Petita
1066 1079 1111 1128 est
1135 1061 1288 1124 formula
1312 1083 1330 1120 a
1347 1073 1382 1122 tor

246 1160 249 1169 '
312 1156 416 1225 mentis
436 1175 605 1228 servorum,
631 1153 681 1234 qni
701 1152 732 1212 in
752 1151 968 1232 quaestionibus
989 1163 1075 1229 atque
1095 1148 1199 1210 etiam
1223 1145 1264 1204 ad
1285 1145 1382 1224 punicu

209 1240 211 1245 ’
311 1224 400 1312 dum,
421 1240 447 1298 si
466 1247 651 1318 peccassent,
665 1233 831 1294 'urebantur
850 1228 973 1294 admotis
991 1232 1100 1311 lacibus
1119 1241 1184 1290 aut
1207 1227 1323 1287 lamina
1340 1248 1382 1286 can·

312 1321 407 1380 dente.
443 1317 488 1380 Cs.
509 1319 625 1379 Dissen.
645 1313 681 1377 ad
700 1316 808 1376 Tibull.
829 1318 852 1392 1,
873 1323 902 1388 5,
921 1322 949 1375 5.
969 1327 999 1375 et
1018 1317 1054 1390 ΙΙ,
1076 1320 1107 1388 4,
1131 1319 1166 1372 6.
1202 1313 1209 1323 “
1228 1307 1284 1368 Sic
1308 1309 1382 1367 nrbn

310 1424 377 1462 rum
394 1399 484 1480 sanes
510 1401 665 1475 admonere
700 1397 761 1460 Cic.
790 1398 825 1458 de
855 1397 1120 1473 Orae‘111,.1,4.;
1155 1389 1260 1474 faces
1289 1386 1382 1449 dicendi

310 1482 451 1560 adhibere
471 1484 506 1556 ΙΙ,
527 1487 577 1556 51,
600 1487 666 1541 105.
694 1481 742 1539 vd.
762 1481 833 1539 Ero.
853 1480 921 1540 Lex.
942 1479 1038 1539 techa.
1064 1479 1126 1537 Lat
1150 1498 1180 1536 s.
1207 1473 1297 1554 suam
1314 1471 1382 1550 soro

195 1575 198 1588 '
311 1565 435 1624 subdere
460 1564 502 1623 ad
520 1564 618 1624 studia
637 1562 760 1622 'dicendi
779 1561 882 1641 Quint.
905 1565 929 1634 I,
955 1568 987 1632 2,
1007 1565 1055 1621 25.
1085 1580 1110 1619 c.
1138 1567 1257 1617 annot.
1285 1548 1382 1636 Spatd.;'

224 1661 229 1665 “
302 1645 390 1727 sures
409 1646 541 1706 dolorum
563 1646 717 1715 admonere
735 1641 805 1704 ¹Cic.
829 1642 889 1703 Ofs.
909 1644 943 1712 ΙΙ,
967 1648 1015 1716 10,
1037 1646 1084 1701 37.
1102 1638 1338 1720 dolaretur.
1353 1639 1382 1711 ll,

221 1764 224 1775 ·
310 1733 363 1805 25,
384 1733 432 1788 61.
452 1749 476 1787 c.
495 1723 726 1788 annot‘Knehu.

392 1839 459 1901 Non
479 1839 515 1899 dn
535 1843 627 1900 otiosa
642 1826 676 1898 'ct
696 1841 796 1920 quicto
816 1859 849 1896 ra
868 1834 1026 1920 loquimur]
1040 1834 1173 1901 ,Primus
1198 1834 1370 1892 Heumaunvs

311 1920 480 1983 observavit
498 1920 545 1980 hic
562 1912 709 2003 ingentem
730 1941 794 1981 esse
815 1919 942 1992 hiatum,
970 1940 1058 2000 quum
1073 1914 1287 2000 praecedentia
1307 1912 1366 1972 verh

311 2003 373 2065 siut
392 2002 541 2062 Messallae
570 2025 682 2063 causam
702 2002 885 2082 eloquentiae
904 2002 1039 2084 agentis,
1059 1999 1233 2082 posteriora
1255 1996 1365 2065 Materni,

311 2086 363 2167 qrii
383 2096 484 2146 contra
506 2097 637 2146 oratores
664 2105 826 2165 eorumque
845 2096 934 2144 artem
955 2083 1049 2160 verba
1075 2082 1178 2154 faciat,
1213 2076 1298 2159 quod
1313 2076 1363 2135 Did.

260 2172 288 2245 h
314 2172 362 2229 11.
382 2187 414 2228 se
433 2166 576 2227 iacturum
596 2166 787 2248 promisisset.
824 2163 869 2226 De
889 2166 941 2226 hac
961 2166 1062 2226 lacuna
1074 2167 1113 2224 U.
1127 2162 1259 2223 Bekker.
1277 2157 1362 2218 inSee-

310 2249 380 2312 hod.
401 2248 520 2309 Archiv.
542 2254 628 2309 1825.
649 2248 715 2308 Vol.
731 2251 759 2308 Ἰ.
779 2272 807 2330 p.
829 2255 865 2308 71
881 2271 926 2328 sq.
945 2247 1059 2330 repetit.
1078 2247 1108 2306 iu
1124 2244 1223 2307 Orell.
1243 2241 1297 2300 Ed.
1310 2239 1362 2300 Did.

311 2355 339 2474 p.
356 2337 395 2392 95
405 2353 448 2411 sq.
469 2330 616 2412 copiosius
634 2330 880 2412 exposuit,·cnius
903 2329 1061 2397 sententiae
1081 2326 1218 2389 obsecuti
1239 2320 1357 2385 asteriscis

324 2435 442 2475 acnuam
470 2412 633 2473 indicarunt
662 2415 771 2474 Osann.
797 2412 888 2479 Orell,
914 2411 1003 2473 Bekk.
1022 2412 1137 2485 Boett,
1164 2409 1241 2469 item
1266 2403 1358 2466 Walth.

314 2507 345 2556 et
364 2495 468 2567 Barla,
494 2495 542 2575 qui
562 2507 657 2555 tamen
684 2516 744 2554 non
764 2494 887 2554 multum
910 2494 1049 2555 excidisse
1069 2505 1099 2553 ot
1116 2491 1246 2563 ironiam
1262 2508 1314 2571 per
1326 2497 1356 2547 to

311 2588 370 2638 tarn
396 2577 520 2637 Materni
548 2577 707 2637 orationem
736 2576 877 2637 dominari
905 2598 970 2638 cum
1006 2574 1215 2636 Strodtheckio
1244 2567 1357 2652 suspicati

311 2669 391 2720 aunt.
421 2658 580 2738 ‘Equidem
606 2659 751 2719 assentior
778 2659 894 2720 Rittero
921 2658 1028 2719 nullam
1056 2657 1202 2731 lacunam,
1239 2656 1316 2715 cuius
1336 2650 1356 2708 in

223 2773 227 2783 ι
254 2744 256 2751 ’
311 2740 394 2802 nullo
413 2737 487 2801 Cod.
508 2740 589 2834 signa
608 2752 786 2822 comparent,
805 2762 870 2802 esse
888 2741 1044 2818 statuenti,
1063 2762 1151 2820 quum
1170 2740 1315 2798 Maternus
1330 2732 1354 2790 le

310 2823 413 2884 eodem
431 2834 621 2905 argumento,
641 2823 719 2903 quod
739 2823 827 2884 modo
847 2823 1030 2898 tractaverit,
1050 2821 1160 2883 dissere
1180 2830 1298 2902 pergat,
1313 2812 1354 2874 nisi

310 2904 392 2986 qnod
411 2903 446 2965 ah
475 2903 616 2964 hocloco
644 2905 730 2986 paulo
750 2905 948 2967 vehementius
976 2917 1066 2965 artem
1093 2903 1208 2963 dicendi
1233 2923 1249 2961 a
1268 2919 1297 2960 se
1312 2896 1350 2956 iu·

232 3002 235 3015 ‘
310 2987 461 3069 probatam
481 2986 682 3068 adgrediatur·
712 2989 744 3047 lu
759 2987 907 3069 prioribus
927 2987 1114 3070 exposuisse,
1136 2979 1351 3066 quemadmodum

310 3069 388 3149 apud
408 3067 531 3128 maiores
551 3068 691 3153 libertatis
710 3081 871 3130 extremum
890 3082 984 3135 artem,
994 3067 1107 3131 dicendi
1117 3064 1297 3149 provexerit:
1311 3061 1349 3120 ian

309 3149 449 3211 universe
470 3150 659 3231 pronuntiare
682 3171 743 3212 eam
759 3172 828 3213 'esse
848 3152 937 3219 huius
954 3152 1023 3213 artis
1045 3162 1186 3225 naturam,
1206 3162 1241 3210 nt
1254 3143 1346 3206 intus

309 3232 479 3315 constitutis
514 3231 676 3294 civitatibus
704 3254 765 3293 nou
795 3235 913 3295 oriatur.
971 3234 1160 3316 Quapropter
1191 3231 1223 3292 in
1260 3225 1349 3290 uvion

311 3316 462 3387 Romana,
486 3314 581 3376 donec
602 3315 760 3392 erraverit,
786 3338 847 3378 eam
866 3314 1020 3392 floruisse,
1048 3314 1099 3376 sed
1119 3314 1190 3390 iam,
1212 3334 1280 3374 enm
1297 3327 1348 3369 eon·

310 3397 411 3477 cordia
430 3396 565 3472 redierit,
576 3456 581 3468 ,
592 3397 756 3468 necessario
775 3399 891 3460 fractam
913 3419 984 3459 esse.
997 3397 1154 3458 uomhilem
1171 3393 1279 3476 antiqui
1295 3403 1348 3449 teu·

311 3479 393 3560 poris
414 3478 614 3558 eloquentiam.
624 3496 683 3565 *g
715 3479 828 3540 Schola.
841 3492 974 3540 rectore
991 3479 1129 3562 intelligit
1146 3479 1182 3538 de
1200 3499 1234 3538 re
1249 3470 1345 3558 publia,

310 3560 385 3630 male
404 3559 501 3620 Hanff.
521 3562 618 3621 etFr.
638 3561 761 3636 Hessius
790 3561 820 3621 in
847 3574 1014 3625 commentt.
1044 3583 1111 3623 mss.
1140 3561 1176 3620 de
1203 3551 1347 3639 eloquentia

310 3642 362 3703 Sic
388 3641 463 3702 infra
488 3643 605 3717 inbono
623 3664 655 3704 oo
709 3647 784 3703 'tutes
801 3645 971 3707 ciuitatibus.
1012 3644 1085 3705 ΙΙΙ-ΙΙΙ.
1108 3640 1348 3723 temporina

310 3728 412 3863 quintu
432 3735 461 3783 et
479 3726 568 3786 beuta
585 3712 655 3828 req*
688 3725 733 3785 al.
755 3728 816 3809 lug.
833 3731 882 3787 41.
920 3728 1001 3792 Num
1017 3714 1347 3800 antecantamenta

323 3815 401 3864 etam
418 3809 541 3887 populns
563 3817 594 3870 et
610 3819 727 3867 senatus
746 3810 1027 3893 Romanus-placido
1048 3809 1229 3890 modesteque
1243 3809 1311 3864 inter
1325 3813 1346 3854 st

312 3889 535 3982 rempublicam
561 3890 728 3949 tractabant
749 3902 821 3964 etc,
847 3891 899 3952 ubi
917 3893 1006 3952 Kritz.
1034 3892 1148 3953 laudato
1175 3886 1307 3970 Spalding·
1320 3874 1345 3936 td

277 4018 280 4021 .
314 3969 416 4045 Quint
437 3974 461 4045 1,
489 3977 517 4045 2,
537 3976 567 4032 4.
594 3972 744 4041 annotavit
770 3974 916 4048 modesto,
950 3975 1029 4054 qnod
1047 3970 1179 4055 proprie
1204 3957 1345 4030 diutule

311 4051 400 4110 modo
432 4054 574 4113 servando
605 4053 659 4114 vd.
680 4067 779 4114 annot.
806 4056 841 4115 ad
865 4059 926 4138 lug.
953 4059 1018 4133 44.
1052 4053 1189 4115 Doederl.
1212 4052 1269 4111 Lat.
1293 4045 1343 4139 Spq

310 4131 377 4190 Vol.
409 4133 441 4190 ΙΙ.
469 4155 497 4213 p.
516 4141 576 4196 203
597 4156 657 4214 sq,
686 4134 771 4197 latins
791 4149 889 4219 patere
910 4138 1087 4217 omninoque
1105 4137 1265 4198 universam
1280 4142 1342 4191 auum
1381 4184 1382 4207 .

310 4212 469 4277 bonitatem
488 4236 520 4278 ae
537 4215 711 4299 probitatem
734 4218 792 4282 hoc
810 4220 874 4283 voc'.
893 4217 1108 4302 comprehendi.
