2970 4808
576 212 655 335 cap.
680 246 809 341 xrrrr.
1107 347 1110 352 ,
1173 258 1234 316 117
1311 322 1320 343 ,

152 430 312 509 pressus,
343 403 404 480 sed
427 432 531 506 supra
555 405 692 485 modum
716 383 887 488 *exsultans
911 422 944 478 et
968 403 1176 503 superlloeos
1203 422 1234 480 et

151 535 272 608 parum
302 505 437 579 Atticus
462 503 645 578 ‚videretur
704 506 848 602 Legistis
874 504 990 604 utique
1023 521 1055 577 et
1088 503 1176 577 Calvi
1201 523 1234 578 et

152 669 237 735 liam
254 673 454 755 reprehendit,
489 675 682 754 sillographos
716 677 849 734 imitatus
881 677 1036 753 scriptores
1064 672 1231 747 maledicos,

92 750 95 755 ⁴
150 759 260 816 iudicio
282 757 438 829 doctarum
458 759 575 814 aurium
595 760 756 815 irreusatar.

230 839 352 919 inflatus
374 847 403 893 et
423 834 552 917 tumens]
580 838 624 896 De
644 848 773 916 utroque
789 855 854 895 voe.
876 834 912 894 cf.
925 836 999 894 Ero.
1016 836 1084 894 Lex.
1102 836 1231 898 ¹teebnol.

147 916 210 977 Lat.
232 930 262 978 et
285 919 388 978 Graec.
415 940 437 975 s.
466 917 554 991 ὄγκος.
599 918 703 991 Quint.
726 920 791 990 Xll,
818 923 866 989 10,
891 922 937 974 12.
966 918 1102 975 tumidus.
1136 921 1231 981 Hand.

84 1014 87 1019 ·
147 999 258 1058 Lebrb.
279 1000 305 1058 d.
326 1001 388 1058 Lat.
403 998 480 1068 ,scits
507 1021 535 1078 p.
559 1004 626 1057 123.
657 999 707 1059 bas
736 997 981 1078 reprehensiones
1011 998 1110 1076 potius
1140 1000 1233 1061 refert

148 1080 183 1141 ad
204 1080 362 1139 oratoriam
382 1081 440 1138 vim
462 1079 577 1139 dicendi
604 1102 689 1160 quam
711 1081 746 1140 ad
769 1088 868 1161 'gentis
897 1078 1052 1137 sermonis.
1098 1081 1144 1147 De
1166 1099 1230 1143 voe.

147 1182 267 1241 pressus
289 1163 336 1218 vd.
356 1162 391 1220 ad
414 1160 487 1219 Dial.
509 1168 537 1220 2.
572 1161 676 1235 Quint.
698 1163 737 1236 X,
761 1166 788 1234 1,
813 1166 886 1219 102:
908 1163 1003 1217 minus
1019 1181 1137 1239 pressus
1157 1162 1231 1223 diei-

148 1254 200 1300 tur
218 1244 365 1303 Seruilius
378 1234 539 1305 Nonianus.
560 1240 621 1301 Cic.
642 1242 726 1301 Brut.
750 1249 798 1319 13,
819 1247 867 1302 51.
898 1240 1030 1300 Asiatici
1049 1252 1231 1301 oratores*-

99 1378 102 1383 .
145 1344 254 1404 parurn
272 1327 368 1405 pressi
385 1335 414 1381 et
434 1327 521 1383 nimis
539 1324 746 1383 redundantes.

230 1406 284 1464 scd
303 1426 395 1486 supra
424 1405 542 1463 modum
572 1408 724 1464 exsultans
748 1416 777 1465 et
801 1400 999 1486 superfluens]
1037 1402 1143 1478 Quint.
1164 1407 1231 1477 Xll,

149 1490 198 1557 10,
223 1491 267 1546 12.
287 1487 457 1545 redundans
478 1495 517 1557 et·
527 1488 687 1547 exsultans.
710 1485 779 1555 thid.
802 1487 840 1558 X,
863 1492 894 1560 2,
918 1492 964 1545 16.
983 1489 1149 1563 compositis
1175 1507 1230 1544 coo-
1252 1535 1259 1571 ι

145 1569 289 1626 ruitantes
317 1570 517 1648 opponuntur.
544 1568 619 1638 Vlll,
642 1572 671 1639 3,
694 1572 742 1627 56.
781 1565 864 1633 Nam
887 1576 917 1625 et
941 1565 1056 1624 tumida
1077 1576 1106 1624 et
1136 1564 1231 1627 exilia
1296 1570 1314 1624 ².

146 1658 175 1706 et
199 1650 374 1728 praedulcia
408 1658 438 1706 et
467 1646 650 1706 abundantia
681 1660 710 1707 et
737 1651 881 1707 arcessita
908 1656 937 1705 et
966 1648 1155 1706 ensultantia·
1176 1649 1229 1709 sub

144 1729 223 1787 idom
242 1751 346 1788 minian
366 1730 481 1789 cadunt.
504 1726 564 1788 Cic.
585 1729 669 1787 Brut.
691 1734 741 1803 91,
763 1732 831 1787 316.
870 1728 900 1787 Is
922 1726 1037 1809 (Molo)
1059 1729 1140 1787 dedit
1160 1750 1229 1811 ope·
1300 1788 1308 1795 ,

144 1826 276 1882 ram-,
298 1821 338 1868 ue
349 1814 436 1868 nimis
457 1810 655 1869 redundantes
669 1832 721 1869 nos
741 1820 770 1868 et
789 1809 999 1889 superfluentes
1016 1813 1134 1869 iuuenili
1152 1832 1229 1891 qua·
1296 1834 1299 1843 ³

145 1891 215 1959 dam
245 1892 360 1950 dicendi
385 1895 558 1971 impunitate
579 1901 609 1949 et
636 1893 753 1951 lieentia
782 1895 956 1971 reprimeret
984 1904 1012 1952 et
1032 1896 1118 1973 quasi
1138 1904 1229 1953 entra

143 1976 226 2053 ripas
248 1972 413 2054 diffluentes
432 1981 584 2031 coerreret.
605 1971 657 2030 ubi
677 1994 705 2032 v.
727 1971 855 2033 Ellendt.

226 2065 380 2135 ceparum
402 2050 535 2132 Atticus]
557 2064 587 2113 et
606 2075 715 2132 parum
737 2055 874 2136 antiquus
895 2053 989 2115 Codd.
1008 2053 1101 2115 Farn..
1116 2052 1226 2115 Vatiee

142 2134 207 2193 Par.
230 2136 404 2204 Yindtvett.
423 2135 650 2213 Edd.(pnrorm
667 2137 733 2193 Put.
748 2133 832 2214 niv.)
854 2147 884 2196 et
898 2135 981 2194 mult.
1000 2147 1122 2195 recentt.
1145 2134 1228 2195 Con·

108 2236 112 2241 ’
142 2215 254 2274 firmari
274 2216 391 2275 videtur
413 2215 482 2274 baec
502 2214 601 2288 lectio,
622 2216 705 2275 cuius
723 2217 920 2296 patrocinium
937 2229 1131 2295 susceperunt
1145 2218 1226 2276 Doe-

144 2296 235 2370 derl,
254 2297 386 2370 Dronk.,
415 2294 525 2379 Opell,
553 2295 700 2356 Ecksteiu.
727 2309 757 2357 et
776 2299 864 2358 Baeh.
893 2296 990 2358 verbis
1019 2319 1063 2377 cp.
1084 2304 1133 2356 22.
1174 2298 1229 2357 Aa

144 2377 310 2437 Ciceronem
332 2382 429 2451 aenio,
459 2381 507 2436 cui
524 2378 630 2434 eadem
654 2400 755 2458 pugna
780 2403 846 2439 cum
873 2368 1050 2460 aequalibus
1068 2383 1130 2437 suis
1149 2377 1225 2456 fuit,
1322 2408 1325 2413 ·

142 2479 218 2538 quae
239 2461 314 2517 nrilri
332 2460 473 2518 uobiscum
493 2468 547 2515 est.
588 2459 639 2538 titt
665 2466 743 2521 enim
771 2466 903 2542 antiquos
931 2459 1133 2532 mirabantur,
1163 2464 1225 2520 ise

126 2546 259 2598 'suorum
282 2550 443 2619 temporum
461 2540 654 2620 eloquentiam
676 2543 880 2621 anteponebat.
923 2544 1004 2621 Aper
1024 2540 1101 2600 enirn
1123 2484 1224 2601 callide

141 2621 288 2692 ostendit,
311 2619 495 2694 Ciceronem,
519 2641 604 2700 quem
625 2623 760 2683 Messalla
785 2622 912 2701 antiquis
927 2622 1111 2701 temporibus
1132 2621 1222 2682 aseri-

139 2702 219 2780 psit,
259 2702 426 2780 aequalibus
451 2701 512 2762 suis
544 2705 733 2783 antiquorum
761 2717 931 2777 oratorum,
960 2715 995 2763 ut
1019 2698 1163 2776 Catonis,
1187 2701 1249 2765 Cu
1325 2724 1330 2734 ·

141 2782 264 2841 Graech.
286 2783 470 2862 aliorumque
491 2783 621 2844 eiusdem
643 2786 762 2859 aetatis,
792 2783 1037 2857 admiratoribus,
1059 2783 1161 2863 quiin
1184 2804 1222 2845 eo

139 2877 214 2921 atuor
235 2863 296 2942 (vd.
317 2864 388 2923 Ero.
401 2866 470 2924 Lex.
492 2865 589 2925 teehn.
610 2866 679 2946 Gr.)
702 2867 764 2926 sive
785 2870 937 2941 retentatis
955 2868 1079 2925 colorem
1101 2863 1220 2944 (l'rnnt.

139 2964 166 3022 p.
189 2942 273 3022 243.)
296 2945 516 3016 desiderabant,
543 2968 650 3026 parurn
671 2953 821 3030 antiquum
844 2947 945 3012 videri.
995 2944 1046 3006 Sic
1066 2951 1220 3026 antiquum

139 3022 234 3106 genus
256 3025 370 3086 dicendi
393 3027 605 3089 inleudabit
631 3030 709 3109 apud
731 3032 892 3089 Romanos*
901 3027 1001 3087 aetatis
1022 3027 1218 3121 posterioris:
1279 3063 1280 3067 ,

137 3104 211 3164 Plin.
233 3107 307 3186 Epp.
328 3110 350 3179 l,
372 3114 423 3182 16,
444 3115 472 3167 2.
493 3108 530 3167 de
550 3109 683 3188 Pompeii
704 3110 856 3168 Saturnini
883 3108 1057 3187 eloquentia.
1100 3108 1219 3168 Adsunt

138 3196 228 3266 aptae
245 3189 422 3268 crebraeque
443 3193 623 3260 sententiae,
648 3194 750 3263 grauis
771 3191 929 3248 esdron-o
949 3193 1141 3261 constructio,
1168 3212 1219 3248 so-

137 3272 243 3325 nantia
270 3269 357 3326 oerlra
388 3280 416 3327 rt
444 3274 567 3350 antiqua
595 3269 664 3348 ibi‘q.
696 3270 778 3328 Gier.
806 3270 907 3329 Aurei.
928 3291 973 3348 ap.
994 3270 1096 3327 Front.
1116 3292 1145 3348 p.
1167 3274 1216 3327 50.

136 3347 191 3407 Ed.
215 3351 300 3409 Rom.
341 3349 426 3408 Nibil
451 3370 503 3421 ego
533 3371 670 3430 umquam
697 3351 821 3421 cultius,
851 3352 925 3408 nibil
950 3353 1116 3430 antiquius,
1144 3351 1219 3408 nilril

118 3428 296 3498 ¹conditius,
317 3430 391 3486 nibil
409 3430 546 3489 Latinius
566 3431 631 3503 legi.
673 3432 717 3488 Ex
738 3431 877 3490 Doederl.
896 3430 1139 3509 interpretatione
1152 3431 1217 3488 Lat.
1290 3492 1296 3503 Ι

136 3510 211 3591 Syn.
232 3508 299 3573 Vol.
322 3512 344 3566 1.
364 3530 392 3591 p.
417 3516 464 3568 99.
483 3532 591 3590 parum
610 3511 746 3590 antiquus
765 3511 784 3569 i.
807 3532 833 3590 q.
856 3512 1008 3571 Graeculis
1029 3532 1115 3589 quam
1136 3512 1216 3570 anti·
1254 3543 1261 3552 ·

135 3589 202 3668 quis
224 3588 376 3651 Romanis
385 3591 517 3649 similior.
546 3592 657 3665 'Quum
675 3589 780 3651 Cicero
800 3614 831 3652 se
851 3594 887 3652 ad
905 3591 1096 3650 imitationem
1118 3594 1213 3651 (irae-

135 3691 256 3741 eornm,
278 3686 405 3748 quoram
424 3671 611 3731 institutione
632 3692 750 3750 quoque
769 3695 841 3732 usus
863 3686 924 3747 est,
946 3672 1129 3745 contulisset,
1151 3694 1212 3732 ma-

133 3749 189 3809 luit
208 3771 259 3811 eos
279 3751 386 3810 imitari
408 3774 494 3831 quam
514 3764 628 3811 veteres
644 3755 847 3827 Romanorum
869 3767 1001 3813 oratores
1022 3752 1161 3812 horridos
1181 3766 1221 3814 et

132 3831 292 3910 impolitos.
333 3832 407 3891 Mihi
428 3845 531 3892 contra
548 3844 696 3912 praestare
724 3834 786 3893 visa
806 3846 852 3894 est
873 3835 1036 3894 emendatio
1059 3835 1163 3893 Ursini
1176 3847 1211 3895 ‘et

131 3913 212 3991 Lips.
241 3922 271 3970 et
303 3933 412 3991 parurn
438 3914 554 3977 Atticus
582 3913 704 3992 probata
734 3914 860 3975 Pichen.
883 3909 1028 3974 Grouo'vs
1046 3916 1209 3975 Heumann.
1311 3976 1315 3985 ,

131 3993 202 4052 Ern.
224 3994 307 4051 Brot.
334 3994 449 4057 Schulz.
471 3994 560 4055 uekk.
580 3994 726 4053 Bnettieb.
749 3998 824 4077 Rup.
852 3997 943 4069 Rite,
973 3994 1023 4075 qni
1047 3995 1211 4069 annotavit,
1238 4008 1240 4013 '
1293 4048 1295 4062 .

131 4074 281 4152 quamodo
301 4073 587 4155 Atticns'eorrurnpi
604 4076 747 4154 potnerit,
768 4098 803 4136 ex
826 4075 1105 4147 seribendiratione
1126 4089 1209 4141 vete-

127 4153 211 4215 ribus
233 4154 357 4235 probata
376 4162 493 4224 anticus
513 4178 670 4237 apparere,
690 4179 819 4238 quocum
834 4160 990 4223 consentit
1005 4157 1153 4241 Relatein.
1176 4145 1227 4221 in'
