2832 4808
162 261 165 267 ’
271 289 338 351 acc
417 283 443 306 ²
489 317 521 331 -·
593 287 750 371 ntaogn
774 289 812 349 n
835 286 1040 381 crannus..

202 445 204 451 ’
272 460 306 518 ct
328 441 469 517 testibus
495 439 660 525 silentium
681 442 830 544 petronis
851 441 979 515 indicit.
1012 444 1124 514 Unus
1151 440 1241 514 inter
1271 438 1366 513 haec

272 543 395 617 dicenti
414 559 470 615 unt
491 540 572 615 tlter
589 543 712 616 assistit
735 561 767 616 et
782 568 835 614 ces
857 541 944 616 velut
964 542 1000 615 in
1018 540 1197 614 solitudine
1221 539 1365 637 egitur.

274 643 414 717 Oratori
430 660 537 717 antem
555 643 697 730 clamore
713 642 899 743 plausuque
916 670 1001 759 opus
1027 657 1122 717 estet
1146 640 1234 713 velut
1266 667 1366 739 quo-

274 742 352 818 dem
366 744 524 830 theatro,
550 742 660 842 qualis
685 743 805 817 cotidie
829 742 973 842 antiquis
998 741 1186 815 oratoribus
1214 738 1367 841 contin-

347 884 350 891 ·
416 876 420 881 .
774 858 787 887 ἡ
1194 869 1200 883 ι

273 924 408 992 tanquam
430 911 581 994 ingeniosa
598 912 731 974 laudatur
749 934 765 974 a
783 911 990 994 Peerlkampio.
1031 913 1080 972 Fr.
1100 911 1185 971 Hess.
1207 911 1240 971 in
1271 929 1365 969 com-

275 1005 377 1057 mentt.
404 1016 472 1054 mss.
501 993 558 1079 legi
577 995 641 1055 vult
661 1008 711 1056 aut
728 1005 853 1076 patrono
875 994 1013 1054 indicitur
1040 993 1106 1054 coll.
1127 993 1202 1053 Plin.
1224 994 1314 1072 Epp.
1340 991 1363 1064 Ι,

172 1102 174 1111 ³
240 1074 327 1150 .’23,
349 1082 377 1136 3.
398 1078 542 1159 silentium
554 1066 713 1160 'clepsydra
733 1077 834 1151 indict,
854 1089 904 1136 ant
922 1079 1064 1137 silentium
1070 1087 1213 1161 patronus
1230 1073 1362 1133 inducit

274 1158 342 1220 coll.
362 1158 465 1233 Quint
488 1161 540 1231 xl,
561 1166 591 1235 2,
611 1164 671 1231 ts..
691 1171 727 1220 ut
746 1160 1033 1256 vv.,tproirationidus
1052 1159 1219 1218 attactibus
1247 1155 1360 1214 dativo

179 1278 181 1287 v
274 1239 459 1322 accipiantur.
479 1239 551 1300 Mihi
563 1242 781 1323 praeferendum
794 1243 925 1301 videtur:
938 1245 1072 1320 patronis
1083 1240 1199 1301 indicii:
1218 1237 1359 1318 Haeufig
1404 1310 1405 1319 ἵ

275 1324 336 1406 legt
357 1343 390 1382 er
409 1319 477 1403 (der
496 1323 632 1404 Richter)
652 1345 756 1407 wegen
777 1319 830 1384 der
849 1323 1137 1405 Bemeismittel'und
1156 1322 1210 1382 der
1227 1322 1359 1459 'beugen

241 1442 250 1485 ,ι
276 1407 332 1467 den
354 1404 551 1466 Sachwoltern
563 1405 797 1487 Stillschweigen
816 1406 872 1466 aul.
913 1405 1108 1465 Probationes
1121 1403 1155 1463 ab
1173 1399 1300 1463 rhetori
1324 1423 1357 1460 ns

240 1490 245 1567 l
274 1510 291 1547 a
313 1486 457 1567 pellantur
476 1508 577 1548 omnes
599 1488 662 1548 illae
687 1510 754 1564 res,
780 1487 885 1568 quihus
915 1486 951 1547 ali
973 1489 1023 1548 uid
1048 1484 1208 1568 plotium,
1237 1505 1296 1543 res
1317 1483 1359 1541 ad

237 1572 244 1615 l
266 1510 363 1649 sillem
373 1567 546 1647 faciendam
568 1574 720 1652 appositae
741 1569 807 1631 coll.
835 1509 978 1646 Quinti.
999 1569 1035 1645 1.,
1056 1579 1151 1637 πίστεις
1170 1567 1217 1628 vel
1240 1570 1356 1625 ἀποδεῖ.

276 1656 337 1718 ξας,
355 1642 573 1712 Bewcismittel.
615 1652 641 1711 A
663 1651 724 1713 Cic.
752 1652 788 1712 de
809 1647 890 1712 Oret.
913 1654 948 1726 ll,
968 1658 1017 1712 27.
1040 1657 1105 1711 116.
1132 1662 1161 1711 et
1182 1648 1297 1727 Quint.
1322 1650 1356 1719 V,

279 1737 295 1792 1
319 1754 381 1811 sqq.
401 1733 557 1792 edocemur
580 1733 685 1814 duplex
705 1749 797 1815 genus
815 1732 1020 1814 probationum
1039 1734 1146 1794 inisse:
1168 1733 1202 1792 ad
1224 1730 1355 1790 alterum

277 1814 424 1896 pertinere
446 1813 668 1893 inartificiales,
689 1814 761 1895 quae
782 1837 841 1875 non
862 1818 1065 1899 excogitentur
1087 1816 1122 1876 ab
1138 1826 1280 1885 oratore,
1304 1812 1354 1871 sed

277 1917 348 1976 quas
368 1895 397 1954 in
416 1916 451 1957 re
470 1898 579 1975 positas
600 1909 680 1957 extra
702 1897 815 1957 dicendi
835 1898 977 1975 rationem
998 1897 1133 1979 accipiat,
1161 1910 1195 1957 nt
1218 1895 1352 1967 tabulas,

278 1998 429 2050 rullianus,
449 1985 613 2052 tormenta,
635 1980 853 2053 iusiurandum,
876 1984 1051 2054 testimonia,
1070 1990 1173 2060 pacta,
1195 1988 1351 2051 conventa,

278 2062 477 2141 quaestiones,
497 2062 594 2134 ‚leges
613 2072 732 2120 senatus
750 2064 953 2136 consulta,rcs
972 2062 1127 2135 iudicatas,
1149 2061 1282 2130 decreta,
1305 2079 1350 2118 rc-

279 2161 386 2223 spansa
412 2139 477 2211 rel.;
500 2143 534 2201 ad
554 2141 676 2202 alterum
697 2142 883 2223 artificiales,
905 2165 974 2223 quas
995 2143 1025 2202 in
1040 2142 1236 2240 disputatione
1258 2153 1292 2201 et
1305 2162 1349 2200 ar-

279 2222 496 2305 gumentatione
517 2224 670 2295 collocatas
690 2237 791 2285 orator
819 2248 855 2288 ex
875 2247 960 2287 causa
977 2225 1072 2286 trahet
1090 2247 1153 2307 ipse
1172 2236 1202 2284 ct
1222 2223 1348 2305 quodum

279 2306 368 2366 modo
390 2303 497 2386 gignat.
665 2362 669 2368 ,
1205 2332 1208 2339 Ι

272 2458 275 2469 ,
364 2404 443 2463 Unus
454 2436 489 2447 —
506 2412 560 2464 aut
569 2404 661 2487 alter]
682 2405 707 2464 E
724 2402 797 2466 Cod.
810 2406 895 2466 Fero.
909 2399 1111 2467 Betu'noen
1126 2405 1246 2466 Waltb.
1261 2403 1345 2465 Bacis.

227 2462 234 2547 l
263 2499 311 2547 et
329 2486 419 2555 ltine..
438 2486 518 2565 quod
538 2507 554 2546 e
574 2487 741 2548 coniectura
759 2489 875 2549 Broter.
894 2509 910 2547 u
930 2487 1053 2548 Seebod.
1073 2487 1128 2547 iam
1148 2487 1259 2549 editum
1283 2498 1344 2555 est;

280 2591 317 2630 ac
343 2567 434 2629 Codd.
457 2568 521 2626 Par.
551 2567 637 2628 Vind.
683 2569 816 2649 lerseque
841 2570 932 2644 Eud„
960 2581 1046 2652 atque
1064 2571 1135 2630 Ern.
1151 2572 1293 2644 hinem..
1320 2579 1346 2628 ct

280 2649 393 2711 Dronk.
416 2649 526 2709 Osann.
539 2651 639 2723 ¹Orell.
657 2593 702 2712 df.
717 2663 816 2711 annot.
834 2652 870 2712 ud
889 2652 963 2711 Dial.
982 2657 1030 2713 21.
1051 2675 1079 2733 p.
1103 2659 1170 2714 122.

363 2749 486 2809 Oratari
506 2783 544 2793 -
566 2748 698 2830 theatro]
720 2742 840 2811 Clamor
856 2752 1032 2834 plaususque
1045 2751 1071 2811 i.
1092 2773 1119 2832 q.
1136 2751 1246 2810 clamor
1264 2747 1345 2830 plen·

241 2814 257 2903 l·
281 2830 410 2892 dentium
432 2830 560 2915 (clamor
572 2832 755 2891 laudantium
777 2831 924 2907 Quintil,
935 2839 962 2907 1,
986 2839 1031 2893 17.
1051 2856 1075 2893 c.
1094 2845 1191 2893 annot.
1211 2827 1343 2910 Herba)

239 2912 245 2989 ξ
281 2913 327 2974 vel
354 2912 471 2994 plausus
494 2933 564 2981 ‚cum
593 2912 735 2989 clamore,
763 2924 799 2974 ut
822 2913 895 2974 Lim*
913 2917 1047 2989 xxxin,
1073 2921 1121 2976 32.
1152 2925 1252 2974 tantus
1278 2933 1342 2973 cum

282 2998 411 3056 clamore
433 2995 554 3078 plausus
573 3006 616 3054 est
634 3006 722 3055 ortus
762 2994 823 3067 Cic.
845 2997 881 3057 de
900 2998 967 3057 Div.
983 2999 1082 3069 lpas.
1130 2998 1257 3066 Senatus
1277 3015 1342 3055 can-

197 3108 200 3113 *
280 3080 387 3157 sulcum
414 3110 446 3122 -
459 3074 693 3158 frequentissimo
715 3079 831 3139 tlteatro
857 3080 1021 3140 incredibili
1037 3082 1176 3157 ,clamore
1195 3089 1224 3138 et
1239 3080 1342 3158 plausu

282 3160 509 3241 comprobatum.
554 3160 600 3219 De
627 3159 683 3220 hoc
710 3181 792 3221 more
811 3160 965 3243 plaudendi
993 3148 1036 3223 ets.
1050 3162 1153 3236 Quint.
1173 3163 1224 3235 tv,
1246 3167 1274 3232 2,
1294 3164 1341 3217 37.

282 3253 427 3303 cannot.
454 3238 550 3321 Spald.
598 3240 682 3321 Quae
708 3243 821 3325 quidem
853 3247 941 3305 uirtus
972 3238 1127 3321 negligitur
1156 3264 1177 3303 a
1201 3244 1340 3325 plurimis,

281 3327 332 3406 qui
349 3324 392 3384 ad
409 3324 567 3382 clamorem
593 3323 751 3407 dispositae
777 3327 822 3384 ccl
836 3325 922 3405 sorte
949 3326 1137 3406 circumfusae
1157 3324 1342 3387 multitudiuis

283 3409 436 3487 compositi
454 3426 511 3463 non
529 3402 632 3484 serunt
649 3408 723 3466 illud
740 3411 913 3468 intentionis·
931 3411 1074 3469 silentium
1096 3429 1148 3467 nec
1170 3408 1226 3467 sibi
1245 3406 1343 3465 diserti

220 3557 227 3570 ‚
281 3488 423 3562 vallentur,
446 3491 503 3546 nisi
509 3492 607 3546 omnia
627 3491 750 3549 tumultu
769 3510 805 3550 ac
820 3480 1021 3569 uociferatione
1039 3494 1241 3550 concusserint.
1264 3486 1340 3563 Quid

283 3571 323 3631 sit
342 3573 488 3632 theatrum
508 3567 583 3630 bene
608 3570 760 3652 explicavit
778 3568 850 3631 Ern'.
872 3569 916 3633 Cl.
937 3571 1014 3634 Cic:
1045 3573 1078 3654 1)
1096 3571 1258 3652 fceqncntiu
1276 3589 1339 3650 spe-

225 3676 229 3679 *
282 3663 426 3712 culorum
446 3662 477 3711 et
495 3651 675 3725 auditorum
697 3654 731 3732 2)
754 3653 885 3731 occasio,
905 3652 986 3716 locus
1002 3655 1041 3714 ita
1063 3653 1277 3715 demonstrandi
1295 3652 1339 3711 io-

240 3792 243 3797 .
282 3734 373 3816 genii,
392 3733 527 3808 virtutis,
549 3745 614 3793 uta
633 3733 765 3816 plurimis
780 3737 919 3821 cognosci
939 3737 1044 3818 possit,
1064 3749 1095 3798 et
1115 3737 1244 3808 omnino,
1263 3733 1339 3815 quic·

284 3815 355 3896 qnid
379 3815 421 3881 iu
439 3815 488 3889 fit,
516 3826 551 3875 nt
576 3815 607 3875 in
633 3816 726 3877 oculis
754 3817 904 3877 hominum
925 3820 991 3893 fiat,
1020 3818 1050 3879 id
1077 3819 1107 3885 in
1136 3819 1250 3879 theatro
1277 3815 1336 3877 lieri

276 3895 399 3957 dicitur.
448 3894 508 3958 Cic.
528 3898 611 3958 Brut.
634 3905 663 3971 2,
684 3904 711 3957 6.
744 3892 832 3982 quum
851 3898 950 3979 firrum
976 3904 1076 3984 populi
1095 3904 1242 3973 Romani,
1269 3898 1339 3981 qnod

275 3977 385 4058 fittssct
407 3983 492 4061 quasi
508 3981 656 4040 theatrum
683 3983 761 4041 itlius
779 3986 893 4057 ingenii.
941 3984 1045 4058 Quint.
1064 3986 1087 4059 Ι,
1104 3991 1134 4059 2,
1155 3989 1183 4042 9.
1204 4005 1228 4042 c.
1246 3991 1337 4043 annot

284 4061 382 4141 Spnld.
402 4063 525 4143 optimus
541 4073 713 4145 praeceptor
723 4061 890 4147 frequentia
900 4066 1011 4139 gaudet
1031 4071 1067 4126 ac
1085 4070 1198 4126 maiore
1214 4085 1246 4123 se
1260 4066 1337 4124 utu

285 4156 333 4204 tro
360 4143 478 4217 dignum
496 4154 589 4218 putat.
635 4146 681 4205 De
708 4167 740 4206 re
763 4148 799 4207 cl.
819 4145 879 4209 Cic.
900 4147 936 4206 de
956 4149 1038 4208 Oret.
1061 4150 1105 4223 ll„
1118 4154 1169 4220 83,
1189 4153 1257 4207 338.
1292 4145 1337 4205 Fit

202 4290 208 4303 ι
285 4234 400 4297 amem,
421 4237 469 4296 ut,
495 4229 563 4306 quia
583 4231 716 4307 maxima
736 4233 821 4310 quasi
841 4233 955 4291 oraturi
972 4249 1060 4290 scena
1081 4232 1335 4290 uideatur-concio-
