2832 4808
193 316 196 328 ¹
286 302 352 366 ’164
625 302 780 385 Dialogus
803 305 840 365 de
861 302 1043 365 Oratoribus

285 429 463 530 hdlamnr?
489 472 648 555 quantum
670 455 788 529 virium
812 455 991 530 detraxisse
1016 451 1171 530 orationi
1210 448 1360 527 auditoria

287 572 320 629 et
343 555 504 634 tabularia
521 556 706 643 credimus,
731 557 767 628 iu
784 557 908 657 quibus
924 555 989 628 iam
1007 558 1078 629 lere
1092 549 1276 656 plurimae
1298 579 1360 624 can-

187 672 193 677 ’
255 708 257 717 ,
285 674 353 729 sae
368 654 594 756 explicantur?
642 657 726 751 Nam
751 655 920 756 quomodo
945 656 1075 728 nobiles
1106 677 1231 753 equos
1260 677 1361 756 cursus

285 825 362 885 desit
381 825 502 886 actionis
527 826 625 899 decor,
644 825 695 907 qni
713 808 862 907 spectetur
875 823 985 885 brachii
1007 824 1163 898 moderata
1187 821 1363 902 proiectione

286 928 303 967 e
325 919 395 989 toga
419 909 464 968 vd.
485 907 588 983 Quint.
610 910 660 984 XI,
683 914 712 983 3,
734 912 794 995 III,
826 906 1059 988 quumpaenula
1079 903 1211 966 brachia
1246 902 1362 966 include-

153 1038 156 1047 .
282 1001 398 1049 rentur.

364 1087 515 1147 auditorio
534 1098 563 1146 et
582 1084 750 1168 toirtlorin]
776 1084 823 1146 cf.
851 1085 887 1147 de
909 1083 938 1144 h.
961 1084 980 1144 l.
1008 1085 1144 1145 Perizon.
1180 1085 1222 1144 de
1244 1087 1362 1147 Praetor.

282 1190 311 1250 p.
334 1174 392 1229 203
414 1190 456 1248 sq.
497 1168 666 1242 Auditorio,
689 1191 761 1249 quae
791 1167 864 1227 IIisl.
888 1173 934 1228 10.
956 1167 1028 1246 fluo
1057 1180 1087 1226 et
1108 1173 1222 1228 causis
1255 1181 1287 1227 et
1305 1170 1383 1230 oeris'

237 1168 256 1357 l
280 1253 411 1332 proeliis,
434 1250 509 1312 sicut
529 1251 632 1327 Quint.
653 1252 741 1323 x‚·t,
763 1257 810 1310 36.
823 1249 895 1328 ¹staro
911 1261 944 1322 'et
965 1251 1002 1325 Χ,
1027 1254 1056 1325 1,
1078 1256 1125 1311 79.
1149 1251 1301 1322 iudiciis,
1321 1272 1360 1333 op

233 1354 241 1423 p
282 1347 450 1414 ponuntur,
469 1345 561 1399 ,erant
579 1334 699 1415 proprie
729 1333 760 1392 in
782 1332 899 1392 aedibus
920 1331 1040 1413 privatis
1061 1331 1255 1392 declamandi
1278 1343 1308 1391 et
1326 1358 1359 1393 re-

206 1428 233 1469 ‘.
283 1415 499 1475 citandicausa.
548 1415 607 1475 Sed
636 1414 691 1475 sub
713 1412 938 1495 Imperatoribus
965 1412 1110 1494 paullatim
1139 1435 1216 1473 mos
1253 1414 1383 1476 invaluit¹

224 1566 227 1569 ¹
282 1517 382 1559 causas
411 1497 489 1557 domi
511 1508 540 1556 et
563 1496 593 1556 in
616 1497 768 1557 auditoriis
799 1495 1004 1579 cognoscendi
1023 1495 1079 1575 (sic
1100 1496 1158 1556 iam
1186 1492 1356 1557 Caesarli-

231 1634 233 1639 .
281 1577 354 1660 gatii
380 1589 410 1636 et
436 1577 567 1637 Diotari
595 1599 693 1638 causas
724 1578 799 1637 intra
829 1578 958 1656 privatos
992 1578 1116 1657 parietes
1153 1580 1357 1660 cognoverat),

281 1681 354 1738 qnae
371 1599 517 1719 translat
538 1659 568 1718 in
587 1660 735 1739 praetorio
757 1659 801 1719 vel
822 1660 852 1718 in
874 1659 938 1718 aula
952 1659 1100 1740 principis.
1131 1655 1183 1722 Cf.
1210 1659 1267 1717 lnl.
1282 1661 1355 1719 PauII.

175 1802 181 1827 ,
279 1740 394 1822 Dignst.
415 1742 447 1800 L.
469 1732 531 1800 XII.
551 1741 596 1800 tit.
620 1748 645 1802 1.
666 1745 715 1803 44.
755 1743 851 1801 Lectu-
871 1754 914 1802 est
936 1743 965 1799 in
986 1742 1133 1811 auditorio
1153 1740 1291 1801 Aemilii
1306 1743 1355 1801 Po-

277 1825 394 1904 piniani
424 1820 570 1904 praesenti
592 1823 742 1905 pruetorlo
767 1845 865 1884 consu
914 1823 1029 1903 Ulpian.
1056 1825 1088 1881 L.
1113 1826 1161 1889 tv,
1198 1825 1250 1882 tit.
1273 1829 1301 1884 4.
1321 1830 1353 1883 te

263 1904 457 1977 ‘uueliiorium
475 1908 622 1988 principis.
662 1905 793 1965 l.·Paull.
812 1906 844 1964 L.
868 1906 953 1963 XLII.
971 1905 1056 1977 1111.
1079 1908 1127 1965 54.
1149 1910 1259 1965 maius
1281 1907 1350 1965 undi-

206 2008 215 2027 ἰ
280 1990 397 2049 tortum.
441 1987 629 2048 Tubulurium
651 1999 696 2048 est
715 1986 822 2059 Iocus‚‘
844 1986 892 2063 ubi
914 1986 1026 2046 tabulae
1046 1986 1201 2067 publicae,
1231 1988 1261 2045 h.
1282 1987 1300 2045 I.
1317 1988 1350 2048 in·

221 2071 235 2091 *
280 2079 458 2142 strumenta,
481 2068 644 2134 litteraevet
660 2082 724 2129 acta
746 2068 879 2149 publica,
899 2081 934 2127 ut
954 2081 1069 2127 senatus
1090 2069 1252 2143 consulta,
1274 2068 1348 2149 plelri·

193 2191 197 2199 .
229 2200 235 2207 .
280 2150 352 2231 ¹scita
372 2152 408 2226 sle
429 2151 567 2211 societate
584 2163 613 2210 et
637 2151 756 2211 loedere
777 2173 809 2211 ac
829 2150 983 2232 privilegio
1021 2148 1187 2231 cuicunque
1218 2153 1348 2211 concessis

278 2245 474 2312 reponuntur.
516 2233 565 2293 Sic
584 2232 640 2293 luit
668 2254 823 2303 censorum
848 2235 956 2292 Romae
984 2231 1016 2290 io
1037 2233 1112 2291 atrio
1144 2233 1306 2293 Libertatis
1324 2235 1347 2294 al

279 2313 408 2374 rationes
435 2316 622 2375 asservandus
649 2316 696 2375 vd.
726 2315 788 2374 Lis.
810 2316 909 2387 xtutt,
937 2318 1007 2383 16.,’
1029 2313 1106 2373 aliud
1134 2314 1166 2374 in
1199 2314 1344 2396 Capitolio,

193 2391 233 2477 s·
280 2397 318 2456 de‘
342 2418 401 2475 quo
422 2397 468 2454 vd.
492 2398 573 2457 Suet.
595 2401 683 2478 Vesp.
703 2404 743 2455 8.·
772 2398 955 2456 Antoninum
976 2395 1204 2476 Philosophum
1213 2420 1272 2478 per
1290 2419 1345 2478 pro·

208 2520 227 2535 2
278 2477 388 2537 vincias
418 2477 623 2539 tabulariorum
657 2478 840 2559 pubIIeorum
869 2500 953 2538 usum
991 2477 1152 2539 instituisse
1183 2480 1281 2539 relert
1306 2478 1342 2538 Iul

281 2557 404 2639 Capitol.
424 2560 454 2618 in
476 2560 538 2619 eins
560 2561 618 2625 vita
641 2582 684 2641 cp.
700 2566 728 2619 9.
770 2563 801 2619 ln
824 2561 868 2620 Iris
888 2558 979 2641 igitur
995 2559 1143 2621 tabulariis
1160 2584 1269 2622 causae
1289 2582 1344 2641 pro-

198 2687 202 2691 .
279 2641 348 2708 latis
366 2638 547 2702 documentis
569 2642 799 2722 explicabantur,
822 2655 856 2701 ut
876 2641 1041 2721 eloquentia
1061 2660 1121 2702 non
1144 2664 1223 2726 opus
1246 2654 1325 2704 esset.

299 2802 301 2805 ,
326 2725 334 2739 ’
362 2758 471 2813 euusue
500 2737 700 2821 explicantur]
735 2731 811 2800 Non'
833 2751 970 2812 orantur,
1000 2742 1259 2822 aguntur,¹quod
1288 2739 1342 2800 olin
1367 2748 1369 2759 '

279 2819 365 2900 apud!
385 2834 499 2899 veteres
529 2826 678 2881 Romanos
707 2820 738 2880 in
776 2834 875 2885 senatu
905 2833 934 2879 et
969 2820 1036 2880 loro
1069 2822 1174 2897 fiebat,
1206 2822 1262 2883 ulai
1290 2842 1342 2881 ven

223 2964 226 2971 ⁴
279 2901 445 2982 eloquentia
472 2900 606 2985 figebat,
636 2892 824 2984 qnnm'nunc
853 2902 910 2963 uisi
939 2903 1155 2964 controversiae
1171 2915 1199 2964 ‘a
1231 2903 1340 2965 causidi·

214 3044 219 3051 .
279 2983 323 3043 ca's
343 2986 373 3043 io
401 2985 514 3044 iudiciis
547 3006 605 3044 non
641 2997 811 3044 tractentur.
862 2985 936 3044 Ptin.
966 2986 1038 3065 Epp.
1070 2988 1121 3058 VI,
1148 2993 1181 3060 2,
1212 2993 1239 3046 6.
1294 2985 1342 3047 IIlos

278 3071 410 3146 apertius
436 3067 579 3142 dicineum
602 3069 723 3127 celerius
748 3068 952 3142 intelligimus,
986 3068 1336 3142 ratiginstustndteann,

279 3152 329 3229 qni
350 3149 536 3230 paucioribus
564 3149 721 3233 clepsydris
745 3154 976 3232 praecipitamus
1006 3171 1113 3210 samos
1141 3171 1232 3232 quom
1256 3148 1340 3209 diebus

279 3232 424 3311 explicari
440 3233 573 3290 solebant
580 3233 601 3317 i.
980 3248 984 3257 ¹

362 3327 469 3386 nobiles
483 3327 585 3410 equos]
606 3314 725 3391 Nobiles
739 3296 956 3426 sive-ienerosi·
970 3332 1035 3411 equi
1053 3341 1122 3389 suut
1138 3329 1248 3411 egregii
1276 3325 1338 3404 (edle

278 3407 486 3489 Raceplerde)‚
516 3432 642 3490 quorum
664 3414 812 3470 stemmata
835 3413 958 3470 Romam
977 3412 1080 3470 insano
1102 3408 1339 3473 Circensium‘lu·

237 3538 242 3553 .
280 3490 385 3550 dorum
406 3491 503 3551 studIo
524 3493 636 3553 incensi
656 3492 873 3567 describerent,
892 3504 928 3552 ut
947 3492 1111 3553 etiamnunc
1126 3494 1161 3552 fit
1183 3494 1213 3553 io
1233 3490 1337 3563 Arabia,

153 3579 159 3586 '
279 3572 384 3656 Anglia
410 3573 444 3633 al.
464 3572 509 3634 CI.
529 3578 629 3634 iuven.
650 3581 682 3651 8,
702 3580 753 3651 56,
773 3580 822 3634 67.
851 3595 875 3635 c.
903 3586 1014 3635 aooott.
1042 3577 1119 3655 nup.
1145 3587 1175 3636 et
1200 3571 1338 3651 Heinrich.

282 3656 356 3715 Stat.
371 3654 442 3716 Sitv.
461 3658 501 3730 V,
522 3663 556 3731 2,·
573 3662 622 3717 21.
762 3656 765 3663 ’

362 3774 462 3813 cursus
483 3758 632 3836 etkspotiu
650 3750 793 3838 probent]
827 3753 904 3833 Rup.
926 3764 955 3812 et
978 3751 1066 3814 Bach.
1087 3753 1231 3834 explicant
1249 3774 1299 3834 per
1314 3756 1335 3810 Ii
1365 3754 1369 3767 '

279 3838 325 3892 deul
351 3839 427 3894 dueta
452 3857 555 3896 cursus
584 3860 637 3919 per
663 3836 761 3917 spatia.
818 3834 964 3895 Ecksteiu.
993 3854 1158 3921 synonyma
1188 3836 1283 3910 habet,
1308 3843 1359 3891 ot·

280 3914 353 3974 Plio.
375 3917 448 3997 Epp.
469 3920 518 3993 IV,
543 3926 590 3994 12,
613 3926 639 3978 7.
667 3937 782 3989 neeesse
810 3927 861 3975 est·
878 3918 974 3977 lundis
994 3939 1067 3978 suae
1094 3922 1190 3999 spotio
1218 3931 1246 3979 et
1264 3934 1333 3978 cursu

153 4028 156 4039 ·
220 4036 224 4061 .,
281 4007 311 4055 et
329 4003 561 4077 peregrinatione
582 4004 714 4081 laetetur.
747 3998 897 4080 'Spatium
917 4010 947 4059 et
965 4004 1064 4082 spotia
1084 4012 1154 4061 sunt
1176 4000 1274 4073 locus,
1292 3992 1333 4057 ubi

277 4100 368 4139 ’cursu
392 4092 519 4141 certatur
540 4084 582 4160 (in
600 4084 709 4160 circo),
736 4093 767 4140 et
785 4103 888 4141 cursus
917 4081 981 4162 ipse
1008 4104 1059 4163 ap.
1081 4083 1163 4168 Virg.
1194 4084 1295 4162 Georg.
1313 4078 1330 4150 1,

215 4212 224 4228 ,,
281 4166 350 4221 513.
371 4162 420 4236 tu,
439 4169 508 4222 ane.
537 4171 627 4225 »nen
652 4167 720 4237 vu,
742 4167 810 4222 381.
848 4161 993 4224 cisen.
1019 4166 1127 4227 Mas.
1167 4165 1214 4226 De
1233 4187 1258 4227 v.
1274 4179 1331 4243 pro

219 4268 233 4307 :1
283 4244 354 4301 dore
374 4243 420 4302 vd.
442 4245 518 4326 lIop.
540 4247 574 4305 ad
594 4248 620 4305 T
621 4268 659 4306 ac.
682 4246 758 4303 Hist.
780 4247 802 4317 1,
825 4250 873 4304 27.

538 4402 551 4429 Χ
