2968 4810
535 309 834 392 Prolegomena.
1101 301 1109 322 ⁶
1140 296 1236 374 XXV
1316 322 1320 331 '

145 530 149 536 .
254 462 343 547 niam
365 460 395 532 ei
415 459 541 533 homini
563 489 649 534 novo
672 462 1047 559 latus'elavusloblotus
1073 478 1105 537 et
1126 463 1232 541 liono-

254 588 309 633 res
332 562 564 658 quaestuiant,
591 560 795 635 tribunatum
822 580 854 636 et
878 581 1089 663 quaesturam
1115 594 1233 659 conse·
1267 644 1269 647 ,

188 661 197 674 ’
256 675 351 731 cutus
368 658 422 747 sit,
449 656 620 732 colla'l'ac.
644 660 733 732 Anu.
749 663 808 749 Xl,
827 664 885 733 25.
908 666 1025 763 primi
1040 665 1160 747 Aedui
1179 695 1231 738 se-

181 842 183 847 ·
213 812 218 821 .
257 771 424 851 notorum
457 747 496 829 rit
511 802 513 807 s
530 760 615 830 orbe
648 763 704 831 ius
736 761 860 858 (adepti
886 772 990 846 sunt;
1033 763 1157 836 datum
1193 766 1237 838 id

232 854 396 954 'foederi
413 858 562 955 antiquo
588 873 621 929 et
644 862 732 959 'quio
755 860 829 931 soli
847 860 1035 931 Gallorum
1051 866 1256 959 fraterni,

256 957 342 1025 tntis
358 982 484 1025 nomen
497 984 579 1028 coru
592 952 728 1057 populo
743 956 909 1028 Romano
929 976 1121 1058 usurpant:
1138 965 1232 1036 We-

255 1068 365 1123 sterm.
401 1048 441 1124 G.
478 1054 510 1124 d.
545 1082 571 1125 r.
603 1058 641 1128 Β,
675 1059 705 1151 §.
733 1055 791 1128 Sd.
822 1060 878 1153 35.
915 1073 946 1128 et
976 1059 1183 1132 Wiuictnt.
1209 1062 1230 1135 l.
1264 1076 1266 1083 '

242 1177 288 1251 p.
314 1153 398 1223 259.
438 1151 570 1225 Gallum
595 1154 700 1227 fuisse
726 1155 922 1231 concedunt,
967 1156 1036 1250 Sed
1058 1157 1233 1233 veliemen-

36 1322 40 1333 ‚
71 1285 75 1290 ·
138 1293 158 1339 g
254 1266 307 1321 ter
330 1267 459 1341 emant,
486 1253 542 1352 qui
567 1255 764 1343 eBritanna
784 1253 946 1348 originem
974 1254 1047 1331 eius
1067 1274 1232 1355 repetunt,
1298 1261 1301 1267 ⁴

256 1364 292 1419 ut
317 1347 515 1437 Schulaeus,
542 1342 702 1425 Cromeus
732 1368 763 1423 et
781 1352 1101 1441 R'atnchens'teinius‚
1128 1384 1232 1454 quum
1319 1414 1325 1420 -

206 1480 208 1487 >
257 1474 331 1529 eunt
363 1447 410 1518 ibi
445 1444 509 1519 sub
539 1448 699 1522 Suetonio
728 1450 882 1521 Paulliuu
912 1450 1008 1523 Gallo
1027 1453 1233 1551 aliquamdiu
1289 1486 1292 1489 “
1358 1478 1364 1494 ’

151 1562 155 1567 ’
244 1544 414 1617 'militasse
438 1546 505 1639 (vd.
527 1549 670 1622 Waleh.
688 1550 730 1621 ad
749 1551 825 1619 'l'ac
846 1549 958 1642 Agris.
976 1578 1007 1649 p.
1029 1553 1127 1644 144.)
1140 1569 1249 1649 post·,

50 1668 53 1675 ·
164 1638 168 1645 “
257 1670 362 1743 eaque
388 1645 529 1717 Romam
553 1648 683 1722 venisse
715 1646 986 1740 verisimillimum
1014 1651 1065 1721 sit.
1111 1650 1234 1723 Claris-

256 1743 361 1843 simu's
382 1743 446 1815 fuit
460 1762 580 1817 orator
601 1742 673 1817 suli
689 1747 897 1844 Vespasiano
922 1754 987 1845 (cp.
1007 1750 1087 1843 22),
1102 1748 1159 1846 qui
1181 1750 1252 1821 in-'
1279 1780 1283 1789 ·
1306 1782 1310 1786 ’
1370 1765 1375 1776 “

253 1841 355 1939 genio
378 1842 490 2011 potius
512 1861 543 1916 et
559 1845 593 1916 vi
615 1862 752 1917 naturae
776 1873 875 1944 quam
891 1846 1099 1933 institutione
1126 1863 1157 1918 et
1173 1847 1242 1919 *lit-s
1281 1890 1287 1897 ’
1338 1910 1340 1913 .
1373 1854 1378 1863 ’

255 1940 567 2038 teriseoquentiae
599 1945 721 2015 lamam
752 1960 950 2023 consecutus
977 1962 1009 2016 et
1038 1945 1129 2016 omni
1157 1968 1261 2018 eru·¹
1314 1958 1326 2011 ”.
1412 1958 1415 1962 ’

91 2070 94 2079 ’
177 2083 179 2087 -
255 2036 382 2111 ditione
407 2039 556 2113 imbutus
582 2042 813 2115 contemnebat
839 2043 951 2142 potius
982 2041 1107 2115 litteras
1133 2071 1235 2142 quam

240 2136 428 2210 nesciebat
447 2154 604 2238 tanquam
626 2141 785 2213 ntaiorem
803 2136 987 2215 industriae
1011 2140 1150 2235 gloriam
1174 2141 1234 2216 ha-
1273 2221 1277 2230 ,

259 2237 409 2324 biturus,
435 2236 464 2308 si
490 2238 661 2334 ingenium
687 2240 758 2339 eius
779 2236 879 2309 nullis
906 2236 1087 2321 alienarum
1103 2240 1234 2335 'artium

172 2368 177 2373 ’
260 2332 469 2409 adminiculis
490 2337 564 2408 'niti
598 2337 773 2410 videreturss
825 2331 894 2408 Sed
923 2339 952 2408 is
979 2338 1099 2445 mirum
1128 2366 1235 2436 quan-

259 2448 328 2505 tum
343 2432 549 2508 scholasticis
564 2435 797 2525 controversiis
813 2433 997 2508 oblectatus
1014 2437 1117 2511 otium
1135 2464 1234 2509 suum

258 2529 374 2605 maluit
390 2561 550 2607 novorum
574 2535 743 2607 rhetorum
761 2562 853 2606 more
871 2546 970 2631 quam
993 2552 1137 2607 veterum
1160 2564 1236 2609 ora-

258 2648 368 2702 torum
395 2658 610 2721 consumere,
646 2642 731 2731 quos
766 2632 924 2705 acerrime
955 2634 1135 2709 insectatus
1155 2632 1251 2706 'tam‘

231 2747 234 2751 ⁴
259 2732 459 2827 contempsit
480 2759 580 2830 qnam
595 2732 734 2803 nimium
753 2729 899 2803 laudavit
918 2733 969 2804 sui
985 2730 1108 2804 saeculi
1129 2730 1237 2804 discr-

259 2845 322 2904 tos.
373 2829 458 2903 Nam
484 2858 587 2928 quum
616 2829 835 2930 eloquentiam
859 2857 939 2928 prae
964 2829 1094 2929 poetica
1123 2847 1239 2902 eontra
1268 2920 1271 2925 Ι

204 3004 207 3010 ,
258 2926 467 3017 Maternum,
485 2930 490 2935 ”
506 2956 606 3028 quem
633 2957 652 3001 a
676 2928 772 3029 poesi
799 2927 841 2999 ad
869 2926 1091 3026 eloquentiam
1106 2932 1108 2937 ’
1124 2927 1238 3000 ltuen-

259 3052 331 3097 sem
348 3052 503 3107 revoeare
524 3027 699 3113 studebat,
726 3028 864 3099 summis
883 3026 1042 3098 laudibus
1061 3024 1251 3114 extolleret,
1315 3042 1319 3047 “

259 3152 329 3196 non
358 3124 521 3211 intellexit
540 3116 719 3224 perfectam
743 3124 851 3212 illam,
886 3152 986 3223 quam
1012 3140 1137 3196 veteres
1163 3151 1239 3210 om·

260 3239 369 3310 tores,
405 3240 440 3294 ut
468 3224 601 3310 Cicero,
628 3224 728 3295 nobis
749 3238 1019 3320 repraesentant,
1050 3219 1111 3309 sed
1137 3237 1240 3292 rettu-

260 3319 299 3391 lit
324 3345 396 3390 eam
424 3336 552 3393 tantum
575 3321 619 3390 ad
646 3321 758 3391 sorum
786 3335 817 3387 et
850 3319 893 3388 ad
920 3344 1095 3389 causarum
1120 3334 1240 3389 tracta-

261 3404 404 3503 tionem,
432 3418 556 3516 quippe
583 3444 649 3514 quo
677 3412 788 3487 studio
818 3414 900 3487 nihil
932 3416 974 3486 sit
1000 3414 1043 3486 ad
1068 3413 1240 3486 utilitatem

261 3513 484 3600 fructuosius,
507 3514 550 3587 ad
575 3512 775 3613 voluptatem
797 3512 977 3584 iucundius
1003 3530 1034 3584 et
1059 3511 1102 3583 od
1118 3512 1239 3584 famant

209 3608 212 3615 ’
260 3609 423 3682 illustrius
445 3612 497 3685 vd.
525 3642 576 3712 cp.
607 3613 752 3690 5-10.
779 3626 811 3682 et
838 3613 1009 3684 15-23.
1054 3608 1240 3682 Habendos
1318 3686 1324 3699 ⁸

223 3722 226 3725 ‘
263 3723 311 3777 est
345 3706 381 3778 in
411 3734 554 3802 nuntero
588 3710 777 3796 rhetorum,
812 3710 944 3804 vquibus
978 3705 1166 3806 eloquentia
1203 3736 1243 3782 ex

243 3803 411 3878 ‘sordidis
440 3806 587 3879 artificiis
616 3807 684 3893 (vd.
718 3835 769 3905 ep.
795 3811 872 3901 32)
908 3824 994 3878 esset
1024 3824 1054 3878 et
1087 3806 1241 3904 quifia-
1269 3826 1272 3830 '

261 3902 435 3975 binianum
454 3911 540 4004 ¹(cp.
570 3907 645 4001 26.)
677 3902 883 4002 praeferrent
918 3904 1079 3976 Ciceroni.
1130 3905 1242 3975 Dictio
1330 3954 1334 3960 ·

177 4071 182 4075 ,
262 4003 334 4077 eius
363 4002 464 4074 rel'ert
490 4002 623 4073 scholae
652 4000 809 4089 artificia,
846 4028 884 4074 ex
916 4005 1054 4100 eiusque
1084 3999 1242 4072 laudibus

262 4099 471 4197 'eloquentiae
493 4128 573 4199 prae
596 4100 690 4199 poesi
715 4104 747 4170 et'
770 4098 905 4196 quidem
928 4117 1096 4171 oratorum
1120 4097 1243 4201 saeculi
1274 4173 1280 4186 ι

177 4247 185 4255 -
262 4198 315 4273 sui
340 4196 535 4296 intelligitur
559 4199 727 4271 inultum
754 4213 856 4271 artem
882 4197 1020 4275 dicendi·
1040 4197 1075 4268 in
1100 4195 1245 4267 deterius
1296 4200 1305 4249 ’-
