2970 4808
278 258 342 341 122
460 314 463 318 1
599 236 757 340 Dialogus
779 258 818 318 de
842 255 1026 319 Oratoribus
1056 211 1083 260 l'

275 410 465 484 infirmitate
488 406 623 512 ingenii:
642 416 704 486 nec
728 409 858 485 inscitia
883 408 1064 482 litterarum
1091 408 1299 482 transtulisse
1320 437 1357 484 se

276 512 319 583 ad
350 511 387 583 id
422 506 557 603 diiendi
589 534 695 603 genus
730 508 914 594 contendo,
948 508 1009 581 sed
1040 507 1165 580 indicio
1195 525 1227 585 et
1257 508 1355 589 totels

274 607 371 683 lectu.
430 606 523 678 Vidit
557 633 721 706 namque,
758 627 794 681 ut
826 606 926 708 paulo
958 624 1033 678 ante
1067 606 1237 694 dicebam,
1277 636 1355 703 eum

154 711 160 723 ¹
212 711 213 716 ’
274 708 465 782 conditione
484 720 671 803 temporum
696 724 727 778 et
744 707 931 780 diversitate
954 705 1083 801 aurium
1105 705 1246 778 sormam
1267 706 1369 807 qun-‘

274 834 339 905 qne
358 818 401 879 'ac
421 804 564 904 speciem
591 804 751 892 orationis
776 834 848 879 esse
866 805 1067 876 mutandam.
1108 805 1218 878 Facile
1240 807 1353 905 perse·
1394 792 1399 813 ¹

273 904 369 978 rebat
391 909 484 1004 prior
510 901 564 974 ille
589 902 753 1003 populus,
788 922 824 977 ut
849 905 1022 1002 imperitus
1048 920 1079 975 et
1103 904 1217 991 rudis,
1245 906 1352 1004 imp'e-

205 1000 232 1035 ⁸
273 1001 511 1077 ditissimarum
543 1007 729 1075 orationum
755 1004 880 1105 spatia;
923 1020 1021 1102 atque
1055 1004 1091 1074 id
1117 1005 1239 1105 ipsum¹
1258 1004 1352 1076 laudi
1402 1030 1406 1040 ¹

348 1159 475 1241 flexisse
495 1159 533 1218 ab
553 1161 606 1217 illa
626 1170 721 1218 uetere
741 1169 829 1240 atque
849 1159 965 1217 directa
985 1159 1102 1221 dicendi
1121 1156 1189 1240 oia]
1209 1151 1351 1220 litatae.

273 1262 327 1303 cur
347 1246 512 1299 intantum
532 1241 569 1297 ab
591 1242 752 1322 eloquentia
765 1245 949 1321 antiquorum
971 1252 1123 1299 oratorum
1138 1246 1350 1301 recesserimus.

271 1323 404 1382 Flectere
426 1321 445 1379 i.
462 1316 658 1399 qsdetleetere
677 1319 717 1402 (c.
738 1342 855 1402 praepp.
876 1343 897 1381 a
920 1320 965 1381 vel
988 1321 1024 1379 de
1044 1322 1265 1383 usitatissimum
1286 1318 1349 1383 Cic.

220 1352 250 1553 s
259 1404 318 1475 ‘ud
339 1403 475 1464 Schuetz.
492 1403 561 1460 Lex.
578 1425 600 1461 s.
617 1400 661 1482 v.)
686 1403 783 1483 signis.
801 1402 922 1462 intrans.
945 1403 1053 1485 legitur
1074 1404 1141 1462 Tac.
1158 1406 1234 1462 Ann.
1257 1406 1281 1477 l,
1302 1409 1349 1463 13.

262 1483 417 1566 fessusque
444 1486 750 1556 clamoremanus,
787 1486 1022 1564 expostulatione
1050 1486 1228 1559 singulorum
1254 1485 1351 1566 fleuit

265 1568 412 1648 paulatim
441 1588 465 1625 e.
496 1575 595 1623 annot.
622 1561 710 1624 Bacb.
732 1566 808 1639 xm,
830 1572 857 1624 3.
889 1577 1047 1647 postquam
1075 1567 1117 1625 ad
1133 1565 1349 1644 prouidentiam

268 1651 504 1727 sapientiamque
519 1646 627 1726 fleuit,
655 1667 738 1705 nemo
768 1650 843 1704 risui
869 1657 1042 1728 temperare.
1092 1646 1138 1707 Cf.
1158 1648 1256 1707 Boett.
1275 1646 1348 1706 Lea.

269 1729 338 1787 Tac.
358 1749 380 1786 s.
402 1749 429 1787 v.
458 1726 634 1789 Ranasborn.
660 1727 714 1785 Gr.
739 1724 766 1807 ᾖ.
790 1731 857 1785 162.
878 1734 906 1787 2.
948 1728 1058 1810 Reisig.
1084 1727 1200 1788 Vorles.
1227 1728 1254 1809 ξ.
1278 1730 1346 1788 174.

268 1809 355 1871 Haas.
376 1820 475 1867 annot.
497 1812 566 1866 319.
593 1819 624 1867 et
653 1819 751 1866 annot.
780 1820 874 1866 nostr.
903 1809 939 1868 ad
967 1809 1042 1869 Dial.
1065 1811 1092 1867 4.
1142 1810 1268 1869 llireeta
1299 1812 1348 1869 oia

268 1901 396 1949 nonest
422 1911 456 1948 ex
475 1888 598 1968 interpr.
626 1888 742 1947 Subula.
765 1889 898 1948 severior
918 1902 948 1950 et
976 1889 1127 1948 horridior
1146 1890 1347 1975 antiquiorum

269 1970 454 2049 eloquentia,
475 1970 527 2029 sed
542 1970 616 2043 iter,
640 1970 720 2048 quod
741 1989 801 2027 non
821 1992 876 2049 per
896 1970 1028 2051 ambages
1048 1982 1097 2029 aut
1113 1972 1270 2045 anfractus,
1293 1971 1346 2030 sed

212 2078 216 2084 ’
266 2064 347 2115 recta
358 2052 393 2110 ad
404 2050 598 2130 eloquentiam
609 2050 707 2125 ducit.
728 2050 778 2110 Sic
790 2049 851 2110 Cic.
867 2053 950 2110 Finn.
971 2053 993 2124 l,
1011 2058 1056 2110 18.
1074 2051 1137 2110 init.
1162 2052 1190 2112 ,0
1202 2054 1346 2131 praeela-

208 2167 211 2171 ·
267 2154 334 2193 ram
356 2133 441 2191 beate
466 2131 577 2190 risendi
596 2141 625 2189 et
643 2142 780 2206 apertam
798 2129 830 2191 'et
849 2136 1011 2212 simplicem
1032 2142 1061 2190 et
1080 2133 1225 2193 directam
1247 2135 1347 2194 riam!

267 2213 321 2275 Or.
343 2230 388 2293 pr:
407 2211 484 2273 Cael.
503 2218 549 2271 17.
571 2212 713 2270 directum
736 2215 793 2270 iter
814 2213 857 2271 arl
877 2214 1004 2273 laudem.
1051 2286 1054 2287 7

276 2359 278 2363 ι
309 2324 322 2339 2
348 2295 456 2353 iudicio
478 2303 507 2351 et
526 2291 689 2372 intellectu]
711 2293 890 2353 intellectum
912 2316 972 2353 non
994 2295 1176 2374 interpretor
1198 2292 1345 2353 delectum

215 2376 229 2467 s
266 2374 447 2447 eschalo„
478 2374 529 2432 sed
557 2373 795 2456 intelligentiam,
823 2376 1006 2454 prudentiam
1033 2374 1202 2455 (Bissulae,
1230 2376 1345 2457 Konst-⁵

211 2474 216 2489 ’
265 2454 420 2533 varstand)
448 2476 471 2514 c.
492 2454 639 2518 Eeksteiu.
680 2454 753 2514 Dial.
777 2459 826 2531 31ζ
858 2458 925 2515 Tac.
947 2457 1024 2515 dnn.
1046 2459 1097 2530 Vl,
1120 2462 1168 2516 36.
1205 2459 1269 2536 quis
1290 2451 1343 2533 ne-

265 2557 319 2618 que
340 2536 407 2595 bani
433 2537 593 2594 intellectus
619 2556 709 2616 neque
737 2539 810 2594 mali
834 2557 915 2597 eura.
958 2537 1062 2619 erint.
1088 2538 1126 2610 X,
1157 2532 1185 2610 1‚‘
1206 2543 1254 2596 50.
1283 2540 1344 2595 rir-

197 2664 199 2670 .
265 2627 342 2757 putes
362 2620 424 2675 eius
443 2638 500 2674 non
521 2618 718 2675 aemulatione
738 2652 777 2664 -
799 2618 854 2676 sed
871 2620 1020 2677 intellectu
1046 2621 1134 2700 sequi.
1176 2616 1221 2677 Cl.
1242 2618 1343 2678 Boett.

291 2719 338 2758 ex.
354 2699 422 2767 Tac.
444 2708 474 2756 et
495 2697 630 2777 Bonnell.
650 2696 755 2771 Quint.
777 2718 800 2759 s.
820 2720 847 2756 v.

326 2795 412 2837 ‘curn
434 2778 595 2860 conditione
616 2788 776 2854 temporum
798 2789 827 2836 et
849 2779 1018 2851 dr'oersitate
1034 2784 1151 2840 auriam
1166 2789 1345 2857 -mutan-⁴

126 2886 129 2892 ¹
205 2882 212 2979 p
265 2858 350 2936 dam]
374 2858 449 2918 Dial.
473 2864 519 2918 18.
557 2859 603 2918 De
630 2879 705 2941 uoq
720 2861 806 2938 auris
832 2860 878 2919 vd.
901 2873 1000 2921 annot.
1022 2862 1057 2920 ad
1077 2860 1151 2925 Dial.
1175 2866 1220 2920 10.
1261 2862 1339 2920 Sen-

263 2940 354 2999 tentia
378 2940 406 2997 h.
434 2938 451 2998 l.
475 2951 535 2999 est:
566 2937 675 2997 mutata
703 2935 869 3018 temporum
898 2943 1087 3015 conditione,
1118 2941 1146 3000 h.
1176 2963 1200 3001 e.
1230 2953 1341 3002 mutata

261 3018 370 3080 liberae
392 3020 436 3078 rei
457 3020 588 3099 publicae
607 3019 701 3094 [orma
721 3019 926 3095 inuisitatem,
944 3042 1017 3101 quae
1037 3044 1116 3081 nune
1135 3022 1224 3089 unius
1246 3022 1339 3103 impe·

262 3099 308 3161 rio
330 3100 460 3181 regitur,
483 3101 610 3181 indeque
630 3112 695 3160 nata
717 3100 883 3160 diversitate
905 3103 1085 3186 iudiciorumx
1102 3103 1254 3167 hominum
1274 3103 1339 3163 sor-

262 3202 337 3240 mam
360 3196 478 3260 qn'oqne
498 3203 530 3242 as
551 3181 676 3261 speciem
698 3182 839 3240 orationis
861 3202 925 3241 esse
946 3184 1118 3247 mutandam.

340 3267 423 3343 prior
441 3264 490 3321 ille
509 3261 650 3342 papulus]
679 3264 727 3320 ille
748 3283 792 3341 pr.
812 3266 866 3320 iste
888 3284 903 3323 e
927 3262 1000 3324 Cod.
1022 3267 1107 3324 Farn.
1125 3263 1216 3325 Bekk.
1237 3264 1337 3331 Boett,

203 3380 222 3405 ›‚
261 3363 341 3422 seqq.
364 3354 479 3424 praeter
494 3344 570 3423 Rup.
585 3342 741 3402 etWalth.
783 3340 874 3403 Prior
889 3347 1013 3426 populus
1033 3347 1101 3405 Tac.
1114 3347 1192 3405 Ann.
1213 3348 1265 3421 xl,
1286 3338 1343 3411 24?

207 3458 213 3487 :
257 3426 448 3506 priores'lll,
476 3428 535 3499 55.
570 3423 675 3498 Quint.
697 3424 748 3495 tlt,
776 3430 806 3496 2,
826 3427 881 3484 41.
917 3431 1000 3507 prius
1026 3448 1129 3485 aerum
1157 3427 1233 3487 Hist.
1260 3429 1281 3500 l,
1308 3432 1334 3489 1.
1385 3480 1395 3491 ,

146 3520 176 3543 ²·
260 3515 340 3564 retus
364 3505 488 3585 populus
515 3504 592 3563 dnn.
610 3505 665 3575 lV,
692 3509 739 3563 32.
766 3513 846 3565 aetus
872 3527 920 3565 res
946 3508 1064 3589 publica
1095 3508 1146 3581 xl,
1176 3514 1224 3567 23.
1256 3519 1336 3569 retus
1433 3514 1436 3520 ’

224 3580 226 3589 ’
258 3584 495 3666 aetasdgric..2.
511 3581 720 3664 ibiq.Walch.,
741 3582 791 3661 qui
807 3583 882 3645 bene
898 3588 1057 3659 annotavit,
1073 3587 1221 3647 adiectivis
1236 3593 1331 3668 prior,
1441 3581 1449 3591 ⁹

259 3676 357 3738 retus,
386 3676 530 3739 uetustus,
559 3670 698 3746 antiquas
714 3675 744 3723 et
761 3668 874 3745 priscus
901 3668 977 3748 apud
998 3668 1156 3746 scriptores
1179 3682 1335 3751 argenteae

257 3746 358 3886 quatis
380 3746 513 3805 denotari
535 3756 668 3827 tempora
685 3744 792 3805 liberae
812 3746 856 3818 rei
877 3748 1113 3828 publisaeusque
1134 3748 1170 3808 ad
1186 3750 1335 3830 proelium

285 3826 418 3885 ctiacum.
771 3871 773 3875 .
886 3829 889 3834 ’

337 3906 626 3985 impeditissimarum
644 3911 810 3969 arationum
822 3904 947 3990 spatia]
968 3909 1257 3989 impeditissimarum
1276 3906 1337 3991 pro'

256 3990 543 4068 imperitissimarum
562 3988 628 4049 lect.
649 3986 752 4064 Codds
760 4000 796 4063 ¹et
815 3988 1019 4070 plerarumque
1035 3992 1108 4051 Edd.
1125 3993 1209 4052 etiarn
1219 3990 1333 4052 Dronk.

234 4107 239 4114 ·
256 4079 287 4128 et
296 4068 407 4127 Osann.
424 4088 458 4127 ex
473 4070 614 4129 emendat.
623 4072 730 4129 Muret.
742 4070 854 4149 primus
863 4072 974 4150 recepit
981 4072 1110 4147 Subula,
1122 4085 1184 4137 tum
1195 4084 1333 4148 recente,

255 4169 330 4231 quae
352 4149 543 4210 confirmatur
570 4150 677 4224 verbis¹
694 4150 788 4218 buius
811 4149 928 4232 capitis:
957 4156 986 4213 si
1013 4152 1223 4237 dicendarsquis
1241 4152 1334 4239 'diem'
