2968 4810
469 330 473 337 «
574 243 653 378 cap.
679 295 801 362 rara·
1047 268 1051 279 ’
1166 298 1209 365 u

130 453 220 528 enim
250 452 346 526 noris
365 458 411 524 ‘e't
434 448 628 535 recentibus
654 474 755 550 quam
780 438 917 524 remotis
931 478 935 483 ·
949 466 982 524 et
1013 449 1213 527 oblitteratis¹

130 553 292 654 exemplis
311 557 422 648 utor)
453 578 526 622 non
553 549 669 621 'minus
701 577 774 623 esse
804 550 840 622 iu
872 553 1026 625 extremis
1056 551 1211 668 partibus

130 670 295 726 terrarum
324 676 423 820 appiam
451 650 596 747 Capuae»
613 665 670 720 aut
695 649 873 738 Vercellis,
905 650 967 723 ubi
998 667 1067 723 nats
1092 651 1223 724 ‹licon-r

130 769 195 824 tur.
246 752 316 823 Nec
361 777 403 823 oc
427 747 492 820 illis
518 748 652 820 alterius
678 763 729 821 ter
753 746 872 841 millies
899 751 1087 823 sestertium
1112 697 1475 910 Pm'lffbfflll‘

131 920 236 980 suerat.
280 919 398 994 Quanta
418 915 549 1012 potentia
573 915 635 976 eius
657 915 761 992 leniit,
787 914 856 976 inde
876 930 1012 998 apparet,
1039 918 1120 1000 quod
1138 918 1211 981 elle·

132 1002 190 1077 eit,
224 1012 259 1060 ut
282 1001 374 1060 irater
392 998 497 1057 Vibius
525 998 678 1059 Secundus
701 998 934 1080 repetundarum
961 1000 1112 1060 aecusatus
1132 1001 1213 1063 ltalia

64 1122 68 1129 x
132 1083 301 1165 exigeretur
318 1102 373 1141 nec
392 1078 529 1162 graviore
548 1100 642 1160 poena
661 1078 837 1139 alliceretur.
865 1079 1000 1141 Alterum
1021 1081 1084 1141 eius
1103 1096 1216 1163 potent,

132 1164 191 1223 tiae
220 1162 389 1244 exemplum
411 1172 475 1235 est,
512 1160 593 1240 quod
613 1160 685 1242 ipso
712 1172 866 1241 accusante
892 1160 948 1220 sub
976 1160 1068 1222 Galba
1094 1165 1211 1227 Annius

132 1247 258 1305 Faustus
289 1264 398 1324 eques,
435 1240 486 1323 qui
520 1243 702 1323 temporibus
738 1242 867 1302 Neronis
903 1236 1016 1301 delator
1049 1243 1161 1318 luerat,
1196 1266 1213 1306 a
1302 1303 1306 1311 ,

133 1338 236 1386 senatu
264 1326 413 1393 damnatus
434 1334 498 1399 est,
526 1345 688 1406 quanquam
716 1323 812 1406 ipsum
834 1320 972 1404 Crispum
1000 1324 1113 1385 easdem
1133 1326 1213 1386 elela-

131 1408 238 1467 tiones·
250 1428 316 1467 cum
335 1405 465 1486 praemio
486 1406 653 1469 exercuisse
673 1406 852 1475 meminerat.
866 1406 941 1483 ,Tae
964 1405 1043 1483 bno.
1060 1406 1139 1481 xtV,
1162 1415 1213 1468 28.
1274 1455 1279 1463 ,

134 1489 212 1548 Hist.
232 1482 335 1564 tt,10.
356 1489 408 1559 lV,
429 1490 478 1547 tt.
501 1489 550 1546 43.
591 1487 758 1569 ARVitellio
780 1485 912 1568 prodigis
934 1483 1027 1571 epulis
1047 1482 1214 1582 ganeasque
1234 1508 1238 1520 ’

92 1615 106 1626 .
133 1569 279 1632 adbibitus
304 1580 360 1629 est.
391 1568 450 1628 Dio
473 1567 555 1639 Cass.
578 1568 671 1639 LXV,
692 1576 719 1627 2.
761 1568 830 1628 Fuit
849 1566 939 1629 bomo
960 1568 1072 1649 ingemi
1092 1567 1213 1630 incundi

134 1663 164 1711 et
183 1648 323 1734 elegantis
346 1648 446 1731 (caius
467 1648 631 1711 incunditas
657 1648 791 1708 laudatur
809 1647 916 1723 Quint.
937 1670 1056 1729 quoque
1070 1651 1141 1726 'Xll,
1164 1657 1213 1729 to,

135 1731 217 1813 tt),
248 1733 331 1793 cuius
351 1731 443 1791 facete
460 1731 544 1790 <dicta
573 1730 753 1790 rettulerunt
780 1730 906 1806 Quintil.
931 1733 966 1805 V,
992 1736 1040 1806 13,
1061 1734 1113 1791 te:
1151 1732 1213 1793 Dio

61 1831 68 1837 ·
134 1813 215 1875 Cass.
235 1814 253 1872 Ι.
276 1814 296 1873 Ι.
323 1824 354 1873 et
382 1814 463 1872 Suet.
495 1812 606 1871 Domit.
628 1818 657 1871 3.
703 1812 749 1873 De
780 1812 842 1872 eius
872 1811 1040 1892 eloquentia
1066 1813 1114 1875 vd,
1144 1812 1212 1875 inlr.

133 1917 178 1977 cp.
200 1901 245 1955 13.
287 1892 488 1970 Quintilianus
507 1893 607 1952 multis
629 1892 702 1953 locis
725 1892 812 1954 buius
831 1892 913 1952 Vibii
935 1892 1114 1955 mentionem
1134 1894 1213 1954 lecit„

133 1981 173 2052 X,
195 1983 224 2053 1,
248 1981 315 2036 119.
356 1975 398 2035 Et
430 1975 527 2065 Vibius
550 1975 672 2054 Crispus
704 1978 882 2056 compositus
895 1985 931 2033 et
950 1974 1093 2034 iucundus
1111 1986 1141 2035 et
1161 1976 1214 2035 de-

132 2061 287 2118 lectationi
304 2068 408 2130 natus,
432 2059 560 2136 privatis
586 2067 687 2116 tamen
715 2061 814 2117 causis
842 2077 931 2135 quam
950 2057 1075 2139 publicis
1099 2058 1212 2121 melior.

130 2143 211 2215 vrri,
231 2146 262 2215 5,
286 2144 332 2198 15.
355 2144 403 2198 17.

140 2246 150 2251 ”
215 2240 335 2296 remotis
354 2247 382 2296 et
401 2234 596 2317 oblitteratis]
624 2236 757 2296 Remotis
777 2256 817 2296 sc.
838 2256 856 2303 a
880 2232 1063 2317 temporibus
1089 2230 1217 2314 uostris,

135 2319 312 2378 oblitteratis
331 2317 349 2376 i.
370 2341 397 2398 q.
422 2317 565 2378 oblivioni
583 2317 716 2395 traditis,
744 2338 780 2376 ex
807 2316 961 2379 bominum
980 2316 1121 2377 memoria
1141 2314 1214 2385 sub·⁸

134 2399 208 2460 latis.
239 2419 299 2480 cap,
320 2406 367 2459 22.
390 2404 502 2458 utiam
524 2400 696 2467 oblitterata
718 2406 749 2457 et
769 2399 887 2458 olentia.
928 2401 974 2460 De
995 2422 1022 2459 v.
1042 2399 1213 2458 oblitterare

135 2501 152 2540 a
171 2480 274 2541 Tacito
293 2481 479 2561 frequentato
500 2481 537 2541 ef.
552 2480 706 2559 ‘Boettich3
725 2479 794 2538 Lex.
814 2481 882 2540 Tne.
903 2504 927 2542 s.
948 2503 977 2541 r.
1011 2479 1115 2555 Quint.
1136 2482 1160 2555 l,
1182 2485 1214 2557 6,

134 2564 184 2623 40.
201 2564 258 2622 'ne’a
280 2568 380 2646 atique
409 2563 448 2621 ab
468 2564 579 2622 ultimis
608 2565 699 2633 etiam
722 2561 901 2625 oblitteratis
927 2564 1054 2644 repetita
1073 2564 1214 2643 tempori·
1299 2596 1303 2601 ,

135 2644 197 2703 bus.
882 2650 886 2659 ’

217 2747 274 2784 nen
295 2728 390 2784 minus
413 2745 476 2784 esse
503 2724 533 2783 in
561 2727 703 2785 extremis
721 2724 858 2806 partibus
886 2720 1053 2806 terrarum]
1091 2720 1213 2805 Aliquid

131 2805 277 2866 ‘excidisse
297 2807 461 2886 suspicatus
475 2806 607 2876 ,Ursinus
632 2805 812 2887 interposuit
829 2817 915 2866 notos
934 2817 1003 2866 ante.
1022 2825 1086 2864 esse
1103 2818 1214 2891 recept
1255 2824 1261 2834 ¹

136 2888 304 2962 eDronlt.,
332 2888 411 2969 Lips.
432 2896 518 2966 nutus
536 2900 607 2968 post
625 2899 816 2968 essereeept.
837 2887 873 2947 ab
893 2888 998 2947 Heum.
1019 2886 1154 2962 Schola,
1184 2898 1214 2947 at

135 2970 220 3030 uueis
241 2966 384 3043 inclusum
405 2969 565 3029 a‘Seebod.
588 2970 699 3032 Osann.
722 2968 832 3041 0rell.;·
855 2973 938 3029 nasci
954 2990 1000 3051 pr.
1022 2988 1085 3028 esse
1105 2964 1215 3043 e'cunss]
1269 3030 1280 3047 .

135 3050 201 3111 ieet.
230 3048 342 3111 Sebelii
360 3046 462 3111 Oberl,
490 3062 520 3110 et
540 3053 618 3131 Rup.
642 3052 740 3110 Locus
756 3056 817 3110 nec
838 3049 1042 3131 supplemento
1063 3071 1119 3111 nee
1139 3070 1213 3111 con-

135 3130 247 3200 lectura
265 3133 408 3215 indiget,
424 3133 513 3191 nrorlo
535 3153 598 3190 esse
625 3142 704 3201 recte
726 3154 792 3201 cum
818 3131 965 3191 Boettieb·
985 3132 1232 3212 interpretemur¹
1337 3140 1339 3147 ’

135 3214 262 3287 ¹versari,
282 3215 398 3274 vivere:
426 3215 490 3272 ibre
510 3214 651 3273 Ear‘stene
671 3216 717 3271 sei
736 3212 805 3271 dart
823 3212 893 3271 eben
912 3234 946 3272 sa
966 3211 1092 3272 bekannt
1112 3216 1166 3272 aie
1184 3213 1234 3279 in,

134 3295 241 3375 Capua
260 3295 333 3353 ader
353 3296 510 3353 Vercellae.

224 3389 392 3473 Wreellis]
410 3391 559 3452 Vercellae
577 3391 701 3450 luerunt
727 3386 918 3485 municipium
937 3384 968 3448 in
990 3388 1084 3450 Gallia
1104 3382 1217 3453 Tuus-

136 3466 247 3555 padana
266 3471 302 3531 ad
329 3469 359 3532 ΙΙ.
381 3472 542 3547 Sessitem,
572 3471 661 3535 bodie
689 3473 814 3531 Vercelli
833 3493 864 3530 m
921 3491 955 3531 ro
976 3471 1213 3537 Pedemoutano:

137 3551 269 3615 mette.
294 3550 335 3612 Η.
363 3555 400 3614 N.
425 3555 475 3630 lll,
498 3559 546 3629 17,
567 3558 617 3615 21.
649 3491 920 3627 ΤΙείῑΗίεΙοτἝ
945 3559 994 3612 70.
1032 3554 1110 3631 Uter
1136 3555 1214 3615 Ver-

100 3658 107 3669 ’
137 3633 237 3708 cellis,
259 3645 329 3694 uter
349 3633 466 3716 Capuae
485 3647 571 3711 uatus
591 3634 698 3706 luerit,
718 3655 783 3693 uon
806 3645 929 3693 constat.
951 3635 1028 3715 Rup·
1048 3633 1217 3716 suspicatur

136 3712 260 3796 Eprium
281 3714 414 3797 Capuae,
433 3715 553 3776 Vibium
573 3715 715 3777 Vercellis
735 3727 835 3775 natum
856 3714 957 3775 luisse.

217 3806 281 3868 Nea
300 3806 357 3864 boa
376 3808 435 3865 illis
454 3807 578 3866 alterius
597 3815 644 3865 ter
663 3806 768 3865 millies
788 3811 954 3866 sestertium
970 3802 1126 3890 praestat]
1153 3794 1217 3866 ttac‘

138 3883 231 3947 codd.
260 3898 292 3947 et
310 3899 383 3947 vett.
403 3888 475 3947 Ede.
503 3887 631 3948 lectione
659 3906 720 3946 non
749 3887 959 3983 acquieverunt
987 3886 1136 3963 editores,
1163 3884 1214 3968 q‘ul

138 3967 235 4035 locum
259 3968 392 4029 mutilum
414 3981 444 4029 et
462 3980 635 4051 corruptum
657 3984 723 4028 esse
742 3980 797 4026 rau
818 3968 906 4029 variis
926 3968 1120 4044 coniecturis,
1142 3990 1214 4049 qna-

137 4071 205 4109 rum
224 4052 356 4130 potiores
376 4052 552 4127 allcremus,
580 4050 690 4111 frustra
709 4061 870 4110 tentarunt.
899 4051 977 4134 Lips.
999 4052 1029 4110 in
1049 4051 1102 4109 Ed.
1126 4053 1213 4111 1574.

138 4153 192 4191 nea
218 4135 274 4191 bae
305 4135 381 4206 illis,
418 4134 542 4192 alterius
573 4141 625 4199 ter,
650 4134 755 4193 milltes
780 4138 964 4209 sestertium,
999 4135 1123 4197 alterius
1151 4130 1215 4174 *fl
1244 4133 1248 4141 ’

106 4240 109 4243 ·
136 4224 293 4294 praestat,
329 4214 360 4273 in
395 4224 521 4294 posterr.
553 4213 598 4273 bis
626 4216 731 4274 millies
760 4214 801 4274 H.
832 4217 863 4277 S.
891 4216 959 4301 loco
987 4213 1241 4285 asteriscorum*
