2968 4810
267 266 312 332 bt
414 252 416 263 ¹
552 260 755 364 ,Dialogus
777 264 816 328 de
838 263 1025 341 Oratoribus

267 419 398 496 nimum
421 392 512 493 inter
532 433 584 495 tot
608 414 648 492 33
668 412 771 493 'tanta
797 416 909 502 locum
926 416 1095 490 'obtinent
1125 416 1292 514 imagines
1302 394 1357 515 »33

267 520 356 596 tituli
389 537 422 594 31
454 518 604 609 3131333,
642 542 729 618 quae
754 545 866 619 neque
897 521 972 618 ipsa
996 533 1108 589 tamen
1137 514 1358 615 negliguntur
1414 606 1417 609 ‚

269 689 359 752 buius
384 684 618 751 constructionis
648 687 795 769 exempla,
832 708 890 767 qua
922 686 1047 748 alterum
1074 685 1155 768 quod
1177 687 1355 765 accusativo,
1381 729 1386 737 .

268 771 411 847 alterum,
448 762 529 849 quod
557 768 729 851 supplebis,
766 767 949 828 nominativo
977 767 1176 851 accipiendum
1203 779 1265 845 est,
1302 789 1355 828 ex-

268 856 364 914 stant:
393 848 512 912 Sallust.
533 852 594 931 lug.
619 853 667 926 14,
692 855 738 910 16.
779 850 816 908 Si
835 849 950 923 omnia,
980 868 1059 930 quae
1079 856 1132 923 aul
1161 853 1268 925 amisi,
1301 861 1356 910 aut

268 954 309 994 eoa
328 932 647 1005 necessariis-aduorso
667 929 862 1010 factasunt,
890 933 1045 990 incolumia
1065 943 1228 992 manerent
1253 930 1306 990 ubi
1325 954 1354 993 v.

229 1036 233 1041 ·
268 1014 360 1079 Kritz.
380 1012 602 1095 et'Fabrclug.
626 1016 677 1091 31,
701 1017 747 1075 18.
780 1012 849 1072 Tau
874 1013 974 1075 Germ.
1001 1016 1047 1071 18.
1087 1033 1146 1075 uae
1164 1032 1254 1075 nurus
1274 1017 1355 1075 acci*-
1461 1028 1462 1031 ’

266 1100 352 1180 piata
372 1114 527 1177 rursusque
544 1095 596 1153 ad
622 1106 739 1176 nepotes
766 1091 940 1171 refhrantur.
969 1090 1048 1155 Anu.
1067 1035 1107 1167 il,
1129 1098 1193 1163 aa„
1207 1093 1355 1177 quaedam

235 1178 239 1183 ’
268 1181 371 1239 statim
392 1180 501 1245 natissa
520 1187 603 1245 sunt,
634 1190 688 1238 aut
714 1187 849 1247 uetustas
862 1174 1047 1234 oblitteravit.
1097 1174 1213 1233 Usitata
1233 1178 1354 1256 quoque

268 1259 373 1319 Tacito
396 1254 442 1318 est
464 1256 587 1319 variatio
608 1264 773 1316 structurae
794 1256 904 1314 activae
923 1256 962 1314 et¹
976 1253 1127 1335 passivae,
1152 1267 1187 1314 ut
1207 1276 1243 1316 ex
1264 1256 1355 1318 altera

201 1381 202 1386 κ
266 1341 306 1401 ad
332 1338 450 1412 alteram
472 1339 570 1398 statim
590 1336 830 1419 transgrediatur.
859 1336 937 1396 Anu.
957 1338 1008 1411 Vl,
1030 1339 1079 1397 44.
1107 1338 1183 1396 nibil
1204 1332 1353 1416 amissum,

185 1473 200 1495 .
268 1440 323 1506 quo
344 1422 496 1494 ambiguas
513 1421 649 1493 illiceret,
674 1422 803 1501 prompti
816 1416 1024 1497 firmarentur.
1047 1419 1354 1494 1343133313-

226 1570 231 1575 ,
268 1516 328 1564 stes
347 1505 460 1562 incuria
482 1511 747 1581 eorum·comperta
763 1499 819 1559 duo
834 1503 965 1581 agmina,
971 1499 1099 1579 parant,
1119 1520 1241 1582 quorum
1259 1502 1353 1562 altero
1403 1506 1405 1511 '

265 1584 453 1667 populatores
481 1580 704 1656 invaderentur,
743 1581 808 1639 alii'
831 1592 932 1641 eastra
970 1582 1109 1640 Romana
1142 1594 1353 1662 oppugnarent.

174 1716 179 1721 .
269 1666 372 1725 Germ.
395 1669 442 1722 10.
467 1669 513 1723 13.
533 1662 692 1722 reusch.
712 1662 748 1721 ad
771 1662 849 1721 Anu.
869 1664 893 1738 l,
913 1669 941 1722 3.
981 1645 1257 1742 lluemplaeLivio
1279 1684 1353 1724 con·
1419 1670 1423 1679 “

268 1742 362 1829 gessit
381 1744 467 1804 Fabr.
488 1744 522 1803 ad
545 1745 639 1818 XXll,
660 1750 784 1803 6..extr.
823 1744 910 1825 Quae
938 1744 1052 1804 Punica
1072 1746 1212 1819 religione
1231 1757 1354 1806 serrata

259 1827 343 1909 fides
360 1826 398 1885 ab
420 1825 588 1886 Hannibale
608 1836 669 1899 est,
700 1838 787 1908 atque
809 1827 976 1907 in'uineula
998 1846 1097 1886 omnes
1120 1830 1246 1887 coniecit.

271 1938 275 1941 ·
312 1919 313 1923 ’
348 1909 507 1968 'Minimum
527 1910 603 1967 inter
626 1918 669 1967 tot
697 1927 733 1966 ae
760 1908 969 1968 tantularum
998 1907 1126 1969 obtinent
1153 1911 1297 1983 imagines
1315 1928 1354 1970 aa

268 1990 349 2051 tituli
374 2000 404 2050 et
429 1986 565 2073 statuae]
602 1989 758 2047 Minimum
786 2009 844 2069 pro
869 1987 999 2068 rifi-mum
1027 1989 1119 2049 loacm
1145 1989 1275 2050 obtinere
1300 1990 1358 2051 vix.

174 2078 179 2089 ’
268 2072 345 2151 apud
365 2070 453 2149 alium
474 2070 649 2150 scriptorem
669 2069 806 2150 reperias.
844 2069 894 2130 Sic
912 2070 1112 2146 rarissimum,
1134 2071 1214 2151 quod
1234 2070 1352 2154 legitur.

267 2151 344 2213 Plin.
364 2153 403 2211 H.
423 2153 459 2212 N.
480 2153 561 2226 XlV,
584 2156 610 2211 1.
651 2151 759 2211 Lucum
777 2171 916 2226 magnum
935 2153 1044 2214 obtinet
1062 2156 1092 2212 in
1113 2153 1352 2215 medicaminibus

268 2232 342 2313 baec
362 2232 521 2292 133313-
549 2233 670 2315 Dialng..
687 2237 733 2292 11.
754 2238 956 2292 memorantur
974 2255 1050 2293 aera
1070 2247 1099 2296 et
1118 2236 1277 2309 imagines,
1298 2234 1352 2297 ubi

268 2335 345 2375 aera
364 2313 384 2374 i.
408 2337 434 2394 q.
457 2326 567 2374 statuae
587 2335 693 2374 aeneae
716 2313 763 2373 vd.
785 2315 869 2397 Virg.
895 2315 969 2375 Aen.
990 2318 1047 2389 vt,
1062 2320 1131 2376 848.
1166 2316 1295 2377 Schmid.
1314 2316 1352 2378 ad

156 2438 158 2443 »
268 2398 344 2456 Hor.
366 2397 441 2478 Epp.
463 2399 503 2470 ll,
523 2400 552 2470 1,
573 2399 642 2456 240.
657 2408 661 2415 ’
678 2388 840 2455 Weichcrt
861 2397 897 2455 de
910 2390 1001 2479 'Virg
1023 2409 1053 2456 et
1074 2396 1136 2456 Val.
1157 2398 1250 2458 Flacc.
1280 2395 1382 2460 ver?

131 2499 137 2512 ·
208 2468 473 2609 Χ,3133333311
516 2483 588 2540 .18.
630 2478 676 2541 De
696 2476 799 2559 plural.
817 2498 893 2537 aera
913 2479 961 2538 vd.
982 2478 1093 2561 Reisig.
1115 2479 1229 2539 Vorles.
1250 2477 1279 2560 ᾖ.
1299 2485 1351 2539 89.

227 2625 234 2631 ,
268 2566 297 2622 2.
328 2559 415 2620 Falso
434 2500 522 2619 Bauli.
542 2558 617 2619 Dial.
639 2580 682 2640 cp.
709 2564 757 2621 11.
785 2577 860 2632 aera
884 2571 913 2619 et
931 2564 1075 2636 imagines
1100 2559 1223 2640 explicat
1243 2560 1348 2643 imagi-
1401 2630 1405 2637 1

268 2661 322 2702 333
339 2662 451 2715 333333.
492 2641 645 2716 Imagines
659 2640 679 2700 i.
700 2664 728 2721 q.
749 2639 796 2699 ius
817 2641 974 2722 imaginum
996 2643 1185 2717 coniunctum
1206 2663 1273 2702 cnm
1293 2662 1352 2702 uo-

162 2774 168 2786 .
268 2721 400 2796 bilitate,
429 2726 474 2785 ius
492 2727 630 2797 imaginis
649 2721 693 2780 ad
705 2727 908 2805 posteritatem
930 2724 1102 2804 prodendae
1122 2721 1184 2783 Cic.
1202 2726 1289 2784 Verr.
1309 2726 1350 2801 V,

269 2808 336 2879 14.,
368 2803 529 2883 dequibus
552 2804 589 2864 ci.
608 2804 705 2865 Beier.
724 2805 760 2862 ad
783 2802 845 2864 Cic.
873 2816 960 2864 oratt.
980 2827 1036 2885 pro
1059 2807 1189 2879 Scauro,
1218 2805 1250 2865 in
1269 2804 1350 2865 Tull.

268 2898 323 2946 etc.
338 2880 441 2968 fragm.
458 2908 485 2967 p.
505 2890 573 2944 109.
600 2885 746 2945 Eichstad.
765 2885 923 2945 dissertatt.
945 2887 1018 2947 duae
1039 2886 1074 2971 de
1094 2885 1269 2973 lmaginibns
1284 2888 1350 2948 lto-

267 2964 431 3029 manorum.
462 2966 612 3047 Petropol.
640 2971 727 3026 1806.
749 2970 777 3026 4.
821 2966 912 3027 Tituli
927 2980 998 3027 sunt
1018 2968 1166 3028 bonorum
1186 2969 1350 3049 praeclare,-

270 3052 274 3061 '
311 3048 491 3109 electorum
510 3047 669 3129 subscripti
697 3047 729 3107 in
756 3046 818 3106 basi
845 3047 956 3110 indices
977 3049 1025 3108 vd.
1047 3050 1194 3110 Eichstad.
1216 3073 1243 3131 p.
1268 3056 1357 3126 126,

269 3070 471 3203 lisuncensis
497 3141 593 3189 autem
613 3128 713 3189 Pitisc.
733 3130 803 3188 Lex.
822 3129 943 3210 Antiqq.
964 3128 1080 3192 Romm.
1102 3133 1145 3197 T.
1160 3133 1206 3190 ΙΙΙ.
1227 3155 1256 3213 p.
1278 3137 1348 3191 606.

266 3213 348 3273 tituli
366 3223 437 3271 sunt
453 3211 563 3271 indices
585 3210 733 3271 bonorum
753 3232 912 3291 rerumque
930 3212 962 3271 in
984 3213 1091 3294 quovis
1105 3213 1273 3295 magistratu
1294 3232 1348 3294 ge-

267 3294 379 3354 starum
390 3293 527 3373 'inscripti
540 3292 658 3352 basibus
674 3305 846 3367 statuarum,
863 3294 1005 3377 sepulcris
1020 3308 1050 3355 31
1059 3294 1209 3379 ‚epistyliis
1224 3293 1348 3354 aedium.

267 3374 325 3434 Vd.
357 3376 460 3434 Horat.
488 3375 548 3434 Sat.
575 3377 598 3449 l,
630 3380 660 3448 6,
692 3380 738 3432 17.
765 3377 865 3435 titulos
886 3387 915 3436 et
933 3381 1076 3452 imagines
1102 3377 1170 3456 ibiq.
1192 3375 1348 3435 Heindorf.

266 3455 409 3516 Floreute
437 3476 469 3515 re
490 3456 606 3536 publica
627 3455 725 3514 honos
746 3467 866 3515 statuae.
884 3478 899 3516 a
921 3471 1023 3517 senatu
1042 3457 1255 3519 decernebatur
1274 3456 1348 3516 viris

268 3537 305 3597 de
319 3536 436 3596 civitate
447 3536 523 3596 bene
540 3537 668 3609 meritis,
690 3537 844 3618 praecipue
860 3537 963 3599 bellica
976 3539 1168 3607 laude.claris.
1206 3537 1346 3612 Statuas,

267 3615 295 3677 si
321 3617 357 3676 ad
387 3618 547 3677 materiam*
568 3618 761 3699 respuimus,
795 3631 878 3678 erant
906 3632 955 3678 aut
985 3641 1001 3679 e
1029 3620 1123 3701 lapide
1155 3636 1346 3692 marmoreae,

259 3709 318 3758 aut
337 3719 373 3758 ex
400 3699 517 3758 metallo
547 3721 653 3760 aeneae
680 3699 852 3781 pleraeque,
880 3711 1032 3782 argenteae
1060 3714 1091 3760 et
1110 3717 1230 3768 aureae;
1262 3697 1287 3757 si
1308 3698 1345 3758 ad

264 3778 407 3854 habitum,
426 3782 531 3857 nudae,
553 3794 678 3864 togatae,
698 3781 840 3861 palliatae,
860 3780 1024 3860 paludatum
1046 3780 1071 3841 si
1091 3781 1126 3840 ad
1143 3780 1279 3857 formam,
1294 3790 1346 3839 aut

262 3861 417 3942 pedestres
437 3861 482 3941 (et
501 3864 617 3942 quidem
636 3862 791 3944 pleraeque
813 3862 903 3921 libera
931 3861 1114 3946 republica)
1141 3883 1265 3936 aeneae,
1292 3872 1345 3920 aut

186 4006 198 4019 .
264 3955 417 4023 equestres
443 3943 607 4021 inauratae,
625 3966 721 4024 »quae
740 3944 835 4003 rarius
864 3944 1095 4009 decernebantur
1122 3944 1170 4004 vd.
1192 3943 1267 4003 Vell.
1287 3943 1345 4003 Pa·

175 4021 221 4121 ,ἰὴ
234 4026 494 4182 filiii*
505 4026 625 4087 Sublata
643 4025 778 4085 libertate
805 4025 851 4084 ius
875 4036 1034 4086 statuarum
1056 4026 1091 4087 ab
1113 4023 1344 4107 lmperatoribus

514 4108 578 4170 sine
597 4129 725 4189 quorum
741 4106 886 4188 rescripto
908 4121 1030 4170 statuam
1053 4111 1167 4193 erigere
1187 4128 1250 4167 uon
1270 4106 1343 4166 liee-

259 4185 318 4250 bat.
346 4188 486 4253 'Romani
510 4188 638 4251 Antonio
663 4191 771 4249 Musae
797 4188 932 4270 medico,
958 4193 1042 4256 cuius
1067 4188 1340 4313 operfflgustus
