2970 4808
616 285 697 368 Cap.
719 285 811 351 XXI.
1196 289 1257 350 141

175 467 280 513 rmum
302 455 334 514 et
360 439 497 539 viginti,
521 455 557 513 nt
579 455 681 542 puto,
705 438 827 534 libros·¹
835 437 1027 542 reliquerit,
1049 440 1105 515 rix
1120 414 1165 515 'in
1182 452 1259 519 'una
1345 544 1347 546 ι

70 616 93 695 ’,
172 627 278 689 macies
306 625 417 708 (qualia
443 625 555 687 scilicet
582 625 687 695 lectori
721 625 752 686 in
779 626 906 707 scriptis*
924 625 1044 687 illorum
1072 625 1257 709 offeruntur)

173 707 301 788 probant
327 731 387 769 non
409 706 505 767 solum
527 708 689 767 mediocres
711 719 863 781 oratores,
893 720 928 767 ut
950 707 1106 768 Canutium
1124 721 1177 769 aut
1197 711 1257 768 Ar·
1344 716 1347 725 “

173 789 250 848 rium
273 789 345 850 alios
367 788 455 850 ue'io
475 789 577 850 eodem
598 789 810 849 valetudinario
838 789 894 871 (sc.
918 788 1070 873 cubiculo)
1090 813 1155 853 csse
1176 790 1256 873 (sive

172 868 282 952 iacere)
312 813 366 931 sed
393 870 521 955 optimos
550 890 669 952 quoque
696 882 847 945 oratores,
881 883 915 943 ut
933 868 1055 932 Calvum
1077 885 1148 943 etc.;
1181 871 1255 933 scri-

170 963 287 1034 ptorem
315 952 392 1015 enim
420 964 528 1011 mutata
557 964 704 1012 structura
733 952 919 1033 perrexisse:
947 957 1008 1034 ipsc
1037 956 1111 1013 mibi
1138 955 1255 1015 Calvus.

171 1035 286 1117 Agmen
307 1034 421 1094 claudat
441 1035 608 1094 coniectura
635 1033 670 1093 ab
698 1036 748 1093 Fr.
771 1028 879 1095 Hessio
904 1033 933 1094 in
958 1047 1155 1095 commentatt.
1176 1037 1254 1096 critt.

173 1137 242 1175 mss.
262 1115 430 1197 proposita,
451 1137 525 1196 quae
545 1117 580 1187 ad
600 1114 747 1179 Eclcstcio.
767 1136 861 1199 prope
881 1117 1008 1175 accedit:
1030 1116 1092 1177 Neo
1113 1140 1199 1177 unum
1216 1118 1253 1178 dc

169 1218 209 1278 po
229 1200 276 1257 ulo
288 1197 412 1258 Pacuvii
430 1208 484 1257 aut
497 1197 565 1257 Am·
579 1207 609 1257 ut
625 1198 742 1256 aridum
763 1209 850 1281 atque
871 1195 1038 1274 dommum
1051 1209 1252 1259 contemno-

172 1222 236 1338 vcl:
256 1278 320 1340 Nec
343 1284 427 1355 unius
450 1280 487 1338 de
503 1281 608 1361 populo
621 1278 749 1339 Pacuuii
766 1291 819 1341 out
834 1280 913 1339 Attii
932 1274 1072 1358 deformis
1085 1291 1129 1339 est
1144 1285 1252 1355 oratio,

169 1380 345 1445 quamquam
369 1363 425 1419 atii
445 1364 475 1418 in
498 1362 598 1419 eodem
618 1361 830 1423 valetudinario
849 1363 924 1427 boec
944 1365 1012 1420 ossa
1030 1371 1063 1420 et
1089 1363 1165 1422 banc
1184 1384 1252 1422 ma·

168 1445 241 1501 siem
265 1443 403 1523 probant.
451 1440 525 1507 Mihi
552 1442 669 1520 quidem
704 1441 800 1503 locum
835 1464 919 1502 nova·
942 1432 1110 1502 coniectura
1137 1456 1252 1507 tentare

109 1565 114 1570 -
169 1544 415 1603 supervacaneum
444 1535 489 1583 est
519 1523 633 1595 visum,
671 1523 721 1603 qui
752 1524 782 1583 io
812 1524 971 1605 desperatis
1001 1523 1057 1583 erit
1088 1523 1250 1602 habendus,

170 1604 265 1665 donec
286 1627 301 1665 e
323 1605 416 1665 bonis
431 1603 524 1664 Codd.
546 1605 676 1664 nondum
698 1604 809 1664 collutis
831 1604 952 1687 (inquo
968 1626 1092 1665 numero
1112 1617 1158 1664 est
1174 1604 1249 1667 Cod.

170 1686 409 1761 Ottobonianus,
441 1686 492 1766 qui
513 1689 625 1746 Romae
643 1685 826 1767 asservatur)
854 1685 965 1763 medela
995 1686 1022 1746 ei
1042 1687 1145 1768 'possit
1165 1687 1249 1747 adbi-

167 1765 240 1826 beri.
281 1770 339 1827 lam
361 1767 476 1849 singula
497 1768 585 1828 verba
606 1767 834 1845 illustrabimus,
855 1769 951 1849 quoad
972 1768 1034 1828 eius
1055 1768 1086 1828 io
1107 1768 1174 1828 loco
1195 1769 1272 1841 ads

167 1869 204 1909 eo
232 1850 389 1931 depravato
417 1847 483 1909 fieri
512 1850 630 1930 poterit.
687 1851 766 1910 Urrm
795 1851 832 1909 de
857 1853 984 1932 popolo,
1014 1860 1049 1909 ut
1069 1857 1118 1910 τῶν
1143 1857 1172 1909 ἐκ
1202 1856 1250 1912 rod
1306 1832 1466 1943 §doum

168 1939 268 1991 πολλοῦ
296 1935 384 2008 δήμου
411 1934 449 2000 εἷς
487 1953 531 2013 ap.
561 1932 679 1995 Lucian.
709 1932 810 1992 Somn.
842 1938 886 2007 9.,
925 1931 1071 2028 significat
1098 1931 1247 1993 bominem
1313 1960 1410 2050 [97
1448 1910 1467 1957 Ι

169 2011 334 2095 devulgo,
364 2013 502 2073 humilem
523 2023 610 2094 atquc
631 2013 792 2086 abiectum,
822 2012 851 2071 b.
872 2013 891 2072 Ι.
911 2013 1042 2088 sutilem,
1068 2014 1247 2094 mediocrem
1291 2054 1311 2061 ν
1393 2021 1407 2045 ’

168 2107 331 2155 oratorem:
355 2106 387 2154 ut
401 2117 474 2154 unus
495 2117 511 2154 e
528 2098 635 2176 populo
655 2097 737 2155 Suet.
759 2094 835 2177 Aug.
851 2100 900 2155 56.
921 2118 994 2155 unus
1013 2094 1049 2154 de
1064 2098 1163 2155 multis
1183 2094 1246 2159 Cic.

170 2175 231 2235 ΟΙΙ.
247 2178 269 2250 Ι,
286 2183 336 2250 30,
357 2183 426 2237 209.
449 2176 517 2256 ibiq.
531 2177 626 2236 Reier.
669 2179 770 2252 Quum
792 2198 852 2235 non
873 2176 942 2236 satis
961 2176 1081 2256 liqueat,
1101 2189 1170 2237 uter
1185 2177 1246 2237 Ca·
1338 2206 1343 2215 ¹

168 2261 266 2316 nutius
288 2257 464 2354 (Cannutius
486 2258 578 2319 Orcll.
600 2259 629 2318 in
649 2258 802 2330 Onomast.
824 2258 902 2318 Tull.
923 2256 1027 2318 eCod.
1045 2259 1149 2320 Medic.
1169 2261 1245 2340 Epp.

169 2336 246 2419 Cic.)
274 2353 313 2399 stt
340 2339 565 2422 intelligendos,
593 2360 720 2420 quorum
747 2340 822 2399 alter
848 2340 885 2399 P.
906 2341 1066 2415 Canutius,
1092 2354 1246 2402 accusator

168 2420 334 2501 Oppianici,
359 2423 525 2481 Scamandri
547 2433 577 2482 et
596 2420 771 2487 Fabriciiin
794 2444 877 2482 causa
894 2419 1076 2496 Cluentiano,
1100 2434 1134 2481 ut
1153 2422 1243 2482 bomo
1341 2488 1343 2493 ,

166 2500 423 2583 eloquentissimus
446 2503 524 2563 etin
547 2498 648 2584 primis
677 2503 848 2586 ingeniosus
873 2503 1006 2562 laudatur
1031 2525 1047 2562 a
1075 2501 1137 2563 Cic.
1158 2505 1244 2563 Brut.

167 2588 219 2658 56,
233 2590 310 2667 205.
331 2578 374 2666 pr.
397 2584 513 2646 Cluent.
541 2592 586 2645 to.
611 2590 662 2645 18..
676 2585 723 2655 al,
744 2586 819 2645 alter
840 2585 882 2644 Tr.
905 2585 1064 2661 Canutius,
1085 2585 1176 2666 (idem
1193 2584 1245 2665 qui

167 2666 250 2724 Suet.
272 2667 391 2726 declar.
413 2667 493 2726 rhet:
509 2671 538 2728 t.
560 2666 633 2726 salso
656 2668 687 2726 C.
709 2666 817 2727 dicitur
838 2665 889 2726 ubi
910 2688 937 2726 v.
957 2664 1057 2746 Ena),
1082 2668 1242 2730 acerrimus

125 2790 128 2797 -
165 2746 206 2807 bl.
231 2748 354 2807 Antonii
379 2747 596 2822 adversarius,
612 2770 698 2829 quem
719 2748 787 2827 trib.
807 2748 884 2829 pleb.
907 2748 1047 2808 continua
1065 2747 1145 2810 rabie
1166 2748 1244 2830 lace-

162 2826 245 2888 rabat
264 2830 311 2890 vd.
331 2829 392 2892 Cic.
415 2831 488 2891 Pbil.
510 2833 559 2907 ΙΙΙ,
582 2834 609 2889 9.
638 2832 712 2912 Epp.
739 2831 773 2890 ad
801 2832 879 2890 Fam.
908 2830 975 2904 Xll,
1004 2836 1057 2906 3.,
1087 2829 1123 2889 ab
1151 2831 1244 2891 Octa-

163 2908 252 2969 viano
271 2924 373 2992 postea
393 2924 512 2972 necatus
533 2922 579 2989 cst
598 2912 646 2971 vd.
667 2912 738 2974 Veli.
760 2913 822 2973 Pat.
837 2914 873 2987 ΙΙ,
893 2915 961 2987 64.,
980 2909 1132 2972 Drookius
1152 2911 1243 2972 lntrl-

163 2989 236 3050 lexit
249 2993 419 3066 Tiberium,
435 2993 524 3053 Bacb.
544 3015 606 3054 rem
628 2993 658 3052 io
678 2992 775 3054 modio
790 2992 940 3074 relinquit.
980 2993 1105 3070 Arrius,
1127 2993 1152 3054 si
1167 2995 1241 3055 fides

164 3071 296 3134 habenda
316 3087 361 3135 est
382 3075 523 3136 emendat.
544 3074 680 3134 Gronov.
700 3075 772 3156 (pro
790 3074 875 3135 Attio
889 3096 974 3153 quem
987 3086 1135 3136 oratorem
1153 3096 1241 3136 nemo

164 3154 283 3235 novit),
311 3156 402 3216 fuisse
422 3157 540 3216 videtur
562 3157 603 3229 is,
634 3156 685 3236 qui
712 3168 831 3237 praetor
854 3162 924 3216 682.
944 3157 983 3213 U.
1005 3153 1040 3216 C.
1067 3156 1241 3237 aSpartaco

163 3234 259 3296 victus
282 3248 316 3297 et
333 3244 402 3297 695.
421 3237 452 3296 in
472 3237 616 3319 petitione
642 3237 811 3298 consulatus
832 3258 848 3297 a
866 3234 991 3296 Caesare
1016 3236 1175 3297 destitutos
1198 3237 1242 3299 sic

164 3317 342 3377 describitur
360 3340 377 3377 a
397 3318 459 3380 Cic.
481 3321 565 3377 Brut.
584 3323 634 3392 69,
655 3322 781 3397 ttasq.
810 3340 835 3378 c.
862 3329 962 3376 annot.
990 3317 1105 3401 Meyer.
1154 3319 1243 3399 Quod

163 3397 242 3456 idem
257 3399 402 3476 faciebat
426 3402 462 3481 Q.
481 3400 607 3473 Arrius,
636 3403 688 3480 qui
705 3399 770 3479 suit
793 3401 837 3458 M.
858 3399 963 3458 Crassi
987 3403 1076 3480 qnasi
1095 3401 1240 3460 secundo-

163 3500 237 3539 rum.
280 3480 312 3540 Is
327 3484 458 3542 omnibus
471 3483 605 3564 exemplo
620 3481 704 3540 debet
718 3502 792 3556 esse,
811 3491 951 3563 quantum
966 3483 995 3538 r'n
1010 3481 1069 3539 bac
1083 3482 1153 3540 urbe
1171 3483 1239 3562 poI-

163 3562 225 3621 Ieat
245 3563 400 3622 multorum
425 3563 544 3623 obedire
564 3567 689 3645 tempori
709 3565 920 3644 mullorumque
943 3563 989 3620 rel
1008 3563 1113 3622 honori
1132 3565 1239 3645 velpe-

162 3645 252 3704 rr'culo
273 3649 390 3706 servire.
432 3646 490 3705 His
510 3649 585 3704 enim
608 3645 694 3705 rebus
713 3643 811 3723 infimo
825 3646 889 3704 Ioco
908 3653 997 3702 notus
1017 3654 1046 3702 et
1064 3645 1189 3705 bonores
1209 3654 1239 3706 er

159 3729 314 3817 pecuniam
335 3737 364 3786 et
382 3733 516 3802 gratiam
538 3737 708 3786 consecutos
725 3729 815 3785 etiam
841 3730 871 3785 r'n
884 3735 1078 3806 patronorum
1098 3731 1160 3786 sino
1182 3728 1238 3786 do·
1276 3797 1279 3801 1

162 3808 275 3880 ctrina,
305 3811 373 3867 sine
396 3812 511 3885 ingenio
536 3808 662 3890 aliquem
692 3829 843 3867 nurnerum
869 3818 1053 3888 pervenerat.
1102 3808 1134 3868 C.
1160 3808 1239 3868 Fur-

161 3892 240 3967 m'nm
262 3891 399 3950 Gronov.
419 3890 534 3972 putavit
553 3890 646 3950 fuisse
665 3888 699 3950 C.
719 3891 770 3965 R,
792 3889 917 3949 amicum
939 3886 1110 3966 Ciceronis,
1139 3910 1237 3970 aquo

163 3971 197 4028 ad
222 3992 289 4031 eum
318 3984 434 4032 exstant
462 3972 588 4052 scriptae
615 3972 690 4052 Epp.
718 3971 753 4030 ad
779 3973 857 4030 Fam.
881 3971 920 4044 X,
942 3976 981 4031 25
1001 3982 1032 4030 et
1052 3976 1121 4047 26,
1152 3972 1236 4032 coins

122 4050 127 4057 *
160 4053 336 4132 posterioris
357 4076 401 4135 ep.
422 4053 511 4115 verba
531 4074 598 4113 cum
617 4066 775 4134 patronum
795 4050 923 4113 nobilem
946 4062 976 4112 et
998 4052 1040 4112 sic
1056 4051 1088 4111 in
1108 4053 1238 4113 diserto-
1277 4060 1281 4068 ’

161 4152 228 4194 rum
247 4157 372 4197 numero
393 4135 485 4196 fnisse
505 4136 651 4218 produnt:
675 4135 700 4193 0
722 4139 765 4194 mi
776 4135 883 4209 Furni,
904 4151 993 4216 quarn
1012 4144 1044 4193 tu
1058 4144 1144 4195 tuum
1163 4155 1237 4195 cau-

159 4234 224 4276 sam
245 4223 300 4280 non
319 4225 411 4296 rrostr‘,
430 4223 481 4302 qui
498 4221 614 4283 alienos
630 4227 695 4277 tum
707 4214 804 4298 focile
822 4216 930 4278 discor.
971 4216 1018 4277 De
1040 4212 1169 4277 Taranta
1188 4208 1238 4277 rel
1303 4225 1307 4230 ’
