2970 4808
584 270 661 355 cap,
686 274 778 335 XIX.
878 266 883 272 ¹
1067 245 1071 251 ·
1173 279 1235 337 tet

102 442 113 454 “
156 446 190 506 et
224 428 427 526 incognita,⁴
455 429 822 529 etripsorumguoqne
847 442 1016 503 oratorum
1044 429 1236 528 paucissimi

45 606 50 609 ,
154 545 334 632 praccepta
369 527 540 601 rhetorum
575 545 631 600 ant
656 527 934 628 pbilosophorum
958 526 1079 629 placita
1111 556 1237 623 cogno·
1287 565 1292 572 ’

155 644 280 704 verant.
338 628 382 705 At
424 625 566 699 Hercule
599 626 803 727 pervulgatis
836 628 901 701 iant
937 628 1095 700 omnibns
1128 654 1235 725 quum

156 731 211 801 vix
237 728 273 799 in
298 728 425 799 cortina
446 726 622 825 qnisquam
646 727 795 813 assistat,
823 727 904 825 quin
923 726 1091 799 elementis
1107 724 1237 799 studio·

158 866 162 877 .
238 895 479 976 pbilosophorum
497 892 624 973 placita]
644 860 765 953 Placitu
794 870 938 953 mulorum
968 896 1036 955 Tac.
1059 892 1135 955 Ann'.
1155 892 1237 969 XIV,
1263 888 1280 993 Ι

72 987 75 993 ’
157 985 207 1042 22.
228 978 406 1037 medicorum
425 974 501 1034 Ptin.
524 976 562 1033 H.
583 974 620 1032 N.
640 977 692 1049 ΙΙΙ,
714 981 766 1049 22,
786 981 835 1051 28.
879 975 999 1054 Catonis
1015 977 1050 1036 de
1066 975 1152 1037 olivis
1169 977 1236 1055 XV,

31 2877 51 2891 ‘
162 2878 217 2939 Sca

158 1067 190 1135 5,
214 1065 260 1132 6.,
281 1079 340 1137 quo
361 1056 505 1123 vocabulo
527 1053 716 1126 Ciceronem,
745 1058 822 1137 apud
844 1079 929 1135 quem
951 1058 1091 1140 leguntur
1110 1061 1237 1134 decreta,

156 1153 329 1282 praecepta,
359 1140 494 1279 dpgmata
512 1136 605 1217 -pbit,
627 1150 815 1232 'usumxesse
841 1138 916 1200 salso
945 1140 1063 1220 scripsit
1090 1138 1237 1211 Boetticb.
1261 1156 1265 1161 ¹

159 1242 228 1282 ex.
276 1243 316 1280 ac.
336 1242 359 1280 s.
402 1262 410 1277 .

241 1319 285 1380 At
303 1315 453 1398 Hercule]
470 1316 546 1377 Dial.
567 1321 615 1377 21.
634 1315 728 1377 Hand.
748 1317 837 1399 Turs.
857 1316 964 1375 Voti.
986 1339 1014 1396 p.
1036 1319 1121 1377 432:
1144 1272 1236 1379 »Sen-

158 1402 268 1474 teotia‚
305 1420 377 1480 quae
415 1399 595 1479 opponitur,
632 1409 731 1478 potest
756 1396 826 1456 eum
862 1398 992 1479 graviori
1020 1401 1237 1461 asseveratione
1280 1359 1314 1543 f

159 1482 295 1563 proferri.
343 1482 444 1559 Quare
473 1492 662 1560 apponuntur
698 1478 839 1539 vocabula
871 1481 941 1558 pol,
971 1479 1091 1560 edepol,
1129 1482 1236 1549 battle.

75 1598 86 1613 .
158 1564 278 1623 Tacitus
300 1562 353 1622 bac
370 1562 608 1627 dictioneutitur
629 1560 663 1618 ad
679 1560 905 1625 confirmandam
920 1559 1072 1620 veritatem
1086 1561 1145 1634 reip
1164 1583 1237 1641 quae

160 1646 232 1710 mira
254 1656 305 1703 aut
322 1665 427 1725 magua
446 1642 540 1704 videri
560 1639 682 1723 possit«
724 1640 773 1700 Cf..
790 1643 868 1700 Anu.
890 1642 913 1718 Ι,
935 1649 962 1701 3.
986 1647 1033 1701 17.
1053 1645 1103 1703 26.
1122 1644 1172 1718 ΙΙΙ,
1187 1645 1255 1705 st·

159 1727 226 1803 ΧΙΙ,
247 1729 296 1786 43.
749 1724 751 1733 '

241 1846 329 1905 quum
351 1825 399 1880 vix
427 1824 457 1880 iu
483 1824 601 1879 cortina
627 1825 780 1903 quisquam
804 1817 944 1901 assistet]
965 1820 1097 1880 'Cortina
1117 1820 1238 1901 proprie

160 1912 276 1965 estias
298 1903 459 1964 rotundum
482 1914 511 1961 et
531 1923 691 1981 concavum
719 1904 758 1962 ad·
774 1901 872 1961 varios
893 1924 982 1977 usus,
1011 1913 1045 1960 ut
1065 1902 1099 1960 ad
1121 1902 1237 1987 colores

159 1986 342 2066 coquendos,
362 1985 397 2044 ad
414 2005 515 2062 aquam
537 1980 739 2062 recipiendam,
760 1983 845 2062 quale
863 1982 1009 2062 sculptum
1023 2004 1088 2043 esse
1102 1983 1133 2041 in
1148 2005 1239 2064 opere

160 2068 318 2151 anaglypto
346 2066 493 2144 tripodem
522 2063 697 2144 Delphicum
721 2062 956 2144 repraesentante
983 2065 1013 2123 in
1032 2063 1153 2124 Becker.
1172 2065 1237 2124 Au-

163 2161 241 2228 gust.
261 2150 297 2206 T.
315 2151 335 2207 Ι.
357 2147 429 2205 Tab.
450 2148 486 2202 V.
522 2146 560 2204 0.
580 2145 713 2206 Mueller.
734 2146 859 2206 Denkm.
880 2146 906 2205 d.
928 2144 976 2207 alt.
995 2146 1030 2213 K.
1058 2147 1094 2205 Τ.
1115 2148 1136 2204 Ι.
1164 2146 1236 2206 Tab.
1297 2188 1301 2193 ‹

162 2230 214 2289 Xl.
247 2251 292 2291 nr.
313 2232 361 2289 41.
390 2227 540 2287 annotavit
568 2228 655 2286 Bacb.
703 2227 821 2286 Dicitur
848 2228 883 2286 de
910 2227 1027 2307 tripode
1054 2224 1238 2308 Delphicoa

164 2310 249 2391 Virg.
271 2311 345 2369 Aen.
366 2311 415 2384 ΙΙΙ,
437 2314 503 2381 92,
532 2309 569 2368 de
589 2309 683 2388 spatio
700 2309 778 2368 inter
798 2321 904 2367 terram
921 2319 951 2368 et
971 2306 1084 2371 coelum
1105 2309 1140 2371 ab
1160 2310 1238 2369 Eun.

161 2412 207 2471 ap,
225 2390 348 2452 Varron.
369 2392 402 2448 L.
425 2390 457 2449 L.
478 2389 526 2460 Vl,
542 2396 571 2453 ,3.
594 2389 693 2450 Muell.
736 2391 877 2470 Quaeque
894 2389 977 2467 freto
1007 2411 1082 2449 cava
1103 2391 1237 2451 coerulco

162 2475 285 2532 curtina*
296 2483 437 2550 receptat.
480 2473 574 2530 Recte
594 2472 673 2551 Lips.
695 2475 838 2529 curtinum
858 2470 1005 2530 intellexit
1024 2471 1059 2530 de
1080 2471 1237 2532 subsellio-

161 2575 229 2612 rum
249 2554 329 2613 iurta
349 2553 477 2617 tribunal
499 2551 586 2624 loco,
615 2574 675 2632 quo
700 2551 1059 2627 nonadvocati'solum,
1090 2554 1142 2612 sed
1162 2553 1237 2615 scri.

161 2633 232 2708 bae,
261 2626 420 2714 praecones
451 2631 539 2712 atque
566 2634 596 2693 id
615 2655 713 2714 genus.
739 2654 844 2714 operae
873 2633 1007 2710 lorenses
1029 2633 1237 2702 consistebant.

160 2715 256 2775 Nicol.
280 2715 402 2776 Loensis
422 2715 571 2798 Epiphyll.
592 2717 644 2789 IX,
662 2720 690 2773 5.
714 2714 824 2794 accepit
844 2715 880 2773 de
905 2714 1058 2775 tribunalis
1079 2714 1161 2776 clavo
1183 2715 1236 2776 bo-
1297 2718 1305 2737 “

162 2797 219 2857 mic
242 2796 289 2856 clo
314 2797 511 2867 testudinato;
542 2796 658 2878 longius
680 2795 765 2856 etiam
794 2795 931 2856 arcessita
953 2807 999 2855 est
1032 2795 1237 2877 interpretatio
1304 2845 1309 2859 .

218 2820 302 2959 liger.
328 2878 363 2937 ad
385 2881 470 2939 Varr.
490 2879 524 2939 L.
544 2879 576 2936 Ι..
600 2880 655 2951 vt,
680 2883 708 2936 3.
746 2878 918 2936 Emendatio
939 2876 1041 2939 Ursin.
1070 2890 1100 2937 et
1128 2880 1237 2939 Muret.

163 2963 194 3017 in
218 2980 328 3020 corona
355 2959 478 3039 probata
507 2960 632 3021 Gesner.
658 2957 690 3016 in
709 2958 862 3017 Thesauro
886 2969 916 3018 et
935 2959 1029 3019 Hand.
1058 2959 1147 3018 Turs.
1170 2959 1238 3019 Vol.

162 3041 197 3098 ΙΙ.
247 3043 344 3100 .604.
373 3053 489 3120 recepta
514 3050 560 3099 est
592 3040 627 3099 ab
658 3040 821 3098 Heumann.
847 3039 963 3101 Subula.
1001 3038 1079 3135 Bip.x
1103 3039 1238 3101 Oberlin.

164 3063 256 3180 Orell.
280 3123 357 3201 Rup.
378 3155 417 3165 -
458 3121 606 3187 Assistere
625 3131 670 3179 est
690 3120 791 3180 vocab.
807 3120 962 3202 proprium
984 3120 1020 3180 de
1037 3121 1096 3195 iis,v
1118 3113 1293 3203 qui-di-”l

163 3202 297 3261 centibus
318 3203 349 3260 in
371 3200 485 3262 iudiciis
507 3214 624 3281 praesto
646 3213 732 3260 sunt:
760 3200 835 3260 Dial.
856 3207 887 3259 ’6.
909 3208 957 3260 20.
981 3207 1029 3263 39.
1072 3203 1237 3280 Quintil,
1281 3206 1286 3261 f

121 3293 125 3301 “
164 3288 214 3355 12,
237 3289 265 3342 6.
286 3283 338 3355 ΙΙΙ,
359 3289 389 3354 2,
412 3289 460 3342 76.
481 3283 597 3362 Lipsius
621 3281 649 3341 b.
671 3281 689 3339 Ι.
712 3302 814 3361 parum
835 3293 914 3340 recte
933 3282 970 3340 de
983 3281 1100 3343 asseclis
1123 3295 1153 3342 et
1172 3282 1236 3343 lau-

161 3363 278 3423 toribus
308 3374 459 3421 oratorum
486 3363 607 3442 accipit,
636 3383 692 3442 qua
720 3362 843 3442 signifie.
871 3373 965 3423 exstat
989 3362 1065 3423 Plio.
1088 3363 1162 3444 Epp.
1183 3366 1236 3441 Vl,

165 3449 195 3514 6,
211 3443 305 3502 6.-ubi
322 3444 369 3502 vd.
385 3443 467 3502 Gier.
498 3444 548 3504 Sic
561 3454 643 3501 stare
663 3444 784 3522 proprie
800 3442 950 3516 dicuntur,
971 3444 1022 3523 qui
1043 3444 1074 3503 in
1095 3445 1237 3506 concion-

163 3522 248 3583 oibus
281 3523 398 3604 praeter
432 3524 616 3606 magistratus
649 3524 756 3583 adsunt
787 3532 985 3603 coronamque
1015 3525 1168 3603 efficiunt,
1203 3538 1239 3588 ut

148 3603 237 3665 ‘bene
260 3605 412 3664 annotavit
430 3607 526 3667 Peter.
546 3606 580 3666 ad
603 3604 664 3665 Cic.
684 3606 768 3663 Brut.
786 3611 837 3678 tta,
859 3611 928 3664 289.

243 3698 311 3776 quin
333 3696 483 3755 elementis
503 3731 540 3743 -
563 3697 691 3754 imbutus
704 3692 761 3775 sit]
790 3695 900 3754 Mureti
918 3696 1148 3756 emendationem
1166 3702 1238 3781 ¹quin
1347 3694 1352 3701 ⁶

161 3775 312 3857 probatam
329 3777 408 3856 Lips.
429 3777 460 3836 in
480 3787 592 3836 annott.
618 3787 794 3856 receperunt
816 3776 921 3834 Heum.
942 3777 1013 3835 Ern.
1034 3778 1117 3838 Brot.
1138 3791 1167 3838 et
1188 3800 1237 3840 re·
1329 3820 1332 3827 ‹

107 3883 110 3888 ·
163 3869 251 3916 centt.
273 3879 328 3938 pro
397 3862 408 3917 ἰ
433 3857 499 3918 lect.
527 3856 621 3917 Codd.
643 3857 811 3938 Eddvett.
838 3869 867 3916 et
887 3857 965 3938 Lips.
992 3859 1070 3918 Pitb.
1091 3861 1237 3942 Berneggl

163 3938 257 3998 Gron.
273 3939 337 4020 Bip.
352 3881 478 3998 lictori.
494 3937 607 3999 Dronk.
624 3938 737 4017 Osann.
751 3941 802 4018 qul
813 3972 850 3987 -
866 3940 993 3999 imbutus
1003 3941 1236 4001 ‘nonsitPicben

162 4022 265 4078 sinon
287 4019 395 4079 Acidal.
416 4022 520 4080 Heum.
567 4019 707 4100 Exempla
733 4018 852 4098 partire.
877 4025 906 4079 si
924 4020 971 4080 vel
991 4025 1048 4080 etsi
1064 4043 1122 4080 rwu
1142 4058 1182 4072 -
1203 4033 1238 4083 at

161 4100 208 4159 vel
236 4111 271 4160 ot
305 4111 386 4161 certe
409 4101 638 4181 =coniuncturum
671 4099 820 4161 Ecltstein.
856 4122 873 4162 e
901 4103 968 4161 Tac.
1004 4101 1074 4169 baec
1108 4102 1237 4186 collegit.
1283 4110 1286 4131 ⁴

161 4179 236 4241 Dial.
257 4185 304 4243 at.
326 4185 354 4243 si
373 4202 430 4242 non
451 4187 621 4261 uniuersae,
643 4193 675 4243 ut
693 4191 797 4264 portes
814 4202 925 4243 eurum.
947 4182 1049 4244 Germ.
1065 4189 1114 4243 33.
1142 4189 1238 4244 sinon
