2968 4810
543 328 579 381 ν
641 282 719 366 Cap.
743 284 769 346 I.
1222 282 1244 352 b'

160 438 238 509 dem
265 435 353 507 banc
381 435 609 532 quaestionem
641 426 881 534 pertractantes
909 428 1038 510 iuvenis
1064 426 1246 517 admodum

160 535 284 607 audivi.
337 535 482 606 Itanon
505 534 661 630 iugenio,
689 535 750 607 sed
775 535 935 609 memoria
953 565 992 610 ac
1014 537 1246 614 recordatione

159 638 248 735 o'p'irs
272 651 332 721 est,
356 650 404 719 ut,
432 660 518 731 quae
544 660 562 703 a
586 634 879 733 praestantissimis
902 635 981 708 viris
1008 652 1040 709 et
1062 640 1246 733 excogitata

159 732 328 805 subtiliter
354 748 386 803 et
400 732 489 803 dieta
509 734 654 828 graviter
671 733 795 833 accepi,
820 748 929 830 'quum
950 734 1074 831 singuli
1096 732 1244 810 diversas

158 831 211 906 vel
240 830 375 911 easdem
401 830 461 904 scd
486 830 682 934 ppobabiles
709 859 826 907 causas
852 828 1032 923 afferrent,
1066 834 1148 908 dum
1173 835 1245 909 sor-

431 955 434 958 ·
539 942 551 977 r

159 1022 213 1060 nes
228 999 431 1075 disertissimi,
456 1000 509 1059 ubi
525 999 693 1079 eloquentia
702 1008 841 1079 corrupta
869 1012 929 1076 est,
951 1023 1017 1062 cum
1031 1003 1158 1084 antiquis
1176 996 1245 1065 orass

158 1081 277 1142 toribus
304 1081 465 1162 comparari
491 1092 651 1160 nequeunt.
686 1081 742 1139 Vd.
758 1081 844 1141 Hess.
864 1083 901 1141 ad
915 1083 1008 1144 Tacit.
1028 1086 1128 1146 Germ.
1154 1107 1200 1167 cp..
1213 1093 1242 1149 2.

159 1163 258 1224 Pabst.
279 1162 341 1221 Ecl.
362 1163 455 1223 Tacit.
476 1186 505 1243 p.
527 1169 596 1222 337.
624 1161 769 1222 Βειεῐι.“εᾶ
787 1165 865 1223 Anu.
886 1166 910 1238 l,
933 1169 980 1233 65,

242 1258 477 1340 pertractantes]
498 1260 694 1319 Pertractare
707 1259 725 1319 i.
741 1281 768 1338 q.
784 1259 940 1342 diligenter
952 1264 1080 1329 tractare
1091 1263 1140 1326 ud.
1155 1265 1241 1327 Hess.

139 1341 200 1419 ἱ56
220 1342 287 1400 Tac.
310 1342 410 1401 Germ.
433 1362 477 1421 cp.
500 1346 551 1401 11.
579 1339 704 1415 Quintil.
726 1343 791 1413 Xll,
814 1346 925 1414 2,«11.=

243 1427 351 1481 iuvenis
367 1421 545 1502 admodum]
572 1423 666 1481 Hand.
687 1421 814 1481 Turseli.
835 1422 1075 1504 Voluptas.
1112 1425 1246 1488 »Admo·
1274 1414 1281 1495 l

159 1502 231 1562 dum
258 1504 393 1563 adiicitur
417 1502 569 1563 adiectivis
598 1515 628 1563 et
654 1502 816 1579 adverbiis,
848 1525 974 1583 quorum
999 1505 1243 1588 significationem
1279 1510 1283 1523 .

158 1585 271 1665 repleta
299 1585 421 1644 notione
450 1584 624 1661 determinat
659 1584 791 1663 adeoque
824 1586 1038 1663 quodammodo
1068 1600 1170 1670 auget,
1213 1600 1244 1650 et

52 1663 58 1667 ’
159 1667 289 1729 eamdem
318 1667 377 1727 vim
398 1666 494 1740 addit,
528 1682 612 1744 quam
631 1686 687 1746 per
706 1665 826 1745 praebet
846 1665 877 1724 in
898 1667 1113 1748 compositione
1133 1669 1243 1730 verbo·

155 1769 226 1807 rum
243 1759 434 1829 pergratam,
457 1746 710 1886 peradulescenss
737 1747 800 1806 Nos
821 1746 944 1808 dicimus
964 1770 1023 1822 gar
1044 1760 1074 1808 et
1094 1752 1238 1811 ziemlt'cb.

158 1829 221 1888 Ubi
248 1830 429 1888 substantiva
479 1849 514 1887 oc
540 1829 630 1887 modo
661 1840 832 1908 ponuntur,
869 1849 902 1888 ea
928 1850 984 1909 pro
1012 1831 1161 1892 adiectivis
1188 1831 1242 1892 ba-

157 1909 285 1985 bentur,
313 1923 363 1971 aut
386 1930 421 1970 ex
442 1909 590 1969 adiectivis
612 1908 686 1968 facta
706 1921 776 1967 suut
795 1908 877 1968 velut
898 1913 1026 1984 iuuenis,
1044 1934 1141 1992 μιαν,
1165 1913 1241 1972 ado-

160 1994 280 2053 lescens.
330 1991 470 2069 Ceterum
519 2012 601 2049 arum
629 1990 740 2063 refert,
771 2003 871 2049 utrum
902 1991 1043 2071 particula
1065 2006 1135 2074 post
1155 2015 1243 2054 suum

159 2074 334 2134 vocabulum
355 2014 615 2145 obstaculorum,
628 2093 672 2131 an
689 2084 781 2133 auto«
805 2073 838 2132 P.
856 2077 922 2131 171.
962 2073 1152 2134 »Admodum
1166 2075 1242 2136 ado·

159 2157 272 2215 lescens
285 2154 406 2234 proprie
423 2155 448 2212 is
463 2142 640 2229 dicitur,⁸in
662 2174 721 2232 qno
744 2152 833 2211 multa
854 2153 948 2213 adbuc
971 2166 1016 2212 est
1035 2154 1241 2234 adolescentia,

154 2236 210 2301 ‚vel
231 2235 300 2294 satis
323 2234 550 2308 adolescentiae,
571 2234 679 2313 quique
700 2233 734 2293 ab
755 2233 940 2293 adolescendi
960 2235 1019 2294 fine
1040 2234 1128 2319 longe
1150 2237 1241 2297 abest.

161 2317 190 2376 Is
213 2316 298 2375 etiam
318 2316 550 2377 adolescentulus
569 2316 730 2395 appellatur
754 2328 783 2375 et
799 2315 1049 2396 permulcemus«
1061 2352 1102 2363 -—
1132 2317 1162 2379 Α
1182 2319 1242 2379 Ta·

161 2397 221 2456 cito
243 2397 300 2456 boc
319 2397 485 2456 adverbium
506 2398 709 2475 frequentatur
730 2397 765 2455 ad
785 2407 907 2458 aetatem
929 2397 1140 2461 definiendam:
1160 2398 1241 2463 Ann.

160 2479 184 2553 l,
206 2484 234 2536 3.
263 2478 423 2539 admodum
444 2479 622 2537 adolescens.
650 2478 726 2536 Hist.
749 2479 784 2551 lt,
806 2483 854 2536 78.
876 2479 928 2552 lV,
949 2484 978 2538 5.
1014 2480 1114 2560 Agric.
1136 2486 1164 2540 t.
1194 2486 1240 2540 ia-

162 2563 239 2617 oem's
255 2560 424 2618 admodum.
466 2558 606 2629 Ceterum
627 2559 652 2618 si
674 2557 844 2633 statuimus,
866 2558 999 2619 Tacitum
1021 2567 1079 2620 805
1101 2574 1152 2621 aut
1169 2568 1238 2622 807.

161 2642 199 2699 U.
223 2638 256 2700 C.
284 2653 384 2717 natum
413 2662 478 2700 esse
506 2642 553 2699 vd.
577 2640 696 2699 Walcb.
726 2640 761 2701 ad
782 2639 881 2722 Agris.
905 2648 934 2721 p.
959 2646 1044 2717 129.,
1078 2663 1137 2722 quo
1160 2663 1238 2705 anno

161 2720 236 2800 (828
257 2723 296 2780 U.
319 2720 369 2801 C.)
390 2722 437 2781 bie
458 2721 589 2804 dialogus
618 2720 734 2780 babitus
756 2732 818 2795 est,
848 2721 908 2781 eit
935 2743 1042 2782 annum
1055 2728 1094 2783 21
1116 2734 1166 2791 aut
1190 2729 1240 2786 23.

46 2854 51 2861 .
159 2802 248 2862 Bacb.
270 2802 301 2861 in
320 2802 398 2884 Allg.
421 2802 569 2884 Sebulztg.
592 2808 678 2862 1832.
702 2805 736 2861 ll.
755 2744 884 2862 Abttreil
903 2824 932 2883 p.
952 2810 1021 2864 837.
1315 2867 1320 2873 ,

249 2890 394 2943 memoria
413 2905 450 2943 aa
473 2882 695 2967 recordatione]
727 2884 916 2943 Recordatur
946 2895 974 2944 et
1003 2890 1148 2946 memoria
1177 2883 1239 2947 Cic.

153 2962 237 3024 Lael.
266 2972 316 3039 27,
347 2972 413 3025 103.
446 2966 481 3025 de
508 2966 590 3026 Orat.
617 2971 668 3040 53,
693 2971 763 3025 228.
794 2970 960 3025 memoriae
993 2967 1162 3029 recordatio
1203 2969 1240 3031 de

162 3045 245 3106 Orat.
265 3049 288 3121 l,
311 3054 341 3120 2,
362 3051 389 3107 4.
431 3046 598 3121 Discrimen
615 3047 665 3104 bb.
685 3069 733 3107 vv.
751 3046 939 3107 Doederlein.
961 3048 1022 3107 Lat.
1043 3049 1116 3132 Syn.
1132 3048 1199 3107 Vol.
1217 3051 1239 3108 l.
1324 3072 1331 3095 t

126 3121 146 3129 ’
159 3150 189 3208 p.
213 3133 281 3187 166.
301 3128 343 3187 sic
365 3128 514 3202 definivit,
542 3141 577 3187 ut
599 3128 738 3189 memoria
760 3128 798 3186 sit
819 3129 1016 3206 Geda'cbtniss
1033 3130 1096 3188 und
1118 3129 1239 3188 Auden-

161 3208 215 3279 lten
237 3207 373 3289 (μνήμη),
393 3210 566 3277 recordatio.
586 3211 883 3284 Wiedererr'nneruug
903 3207 1084 3290 (datdpmatg).

244 3313 332 3369 qutun
348 3292 456 3363 singuli
469 3291 600 3348 (diversas
617 3293 661 3348 ael
682 3290 800 3347 easdem
814 3292 867 3347 sed
882 3292 1051 3369 probabiles
1068 3308 1176 3349 causas
1198 3288 1240 3367 as
1306 3337 1309 3349 .

152 3366 288 3450 ferrent]
309 3391 396 3448 quom
415 3391 430 3429 e
449 3369 522 3431 cod.
537 3373 622 3429 Farn.
644 3370 764 3429 eandem
785 3370 959 3450 scripturam
976 3368 1131 3430 exhibente
1143 3370 1192 3450 cp.
1209 3375 1238 3430 5.

162 3469 250 3531 quom
264 3453 416 3530 optimum,
429 3456 635 3532 'ep.10.quom
650 3451 714 3523 titt,
731 3455 833 3530 cp.19.·
850 3472 936 3531 quom
953 3444 1013 3527 lis,
1030 3472 1073 3531 cp.
1085 3454 1132 3510 35.
1150 3473 1237 3532 quom
1263 3494 1271 3531 ,

157 3535 263 3612 paeri,
285 3531 395 3611 recepit
408 3530 513 3605 Baeb,
535 3531 618 3591 cuius
633 3531 681 3591 vd.
694 3532 831 3613 Prolegg.
847 3530 915 3590 Vol.
934 3532 967 3591 11.
987 3556 1015 3612 p.
1030 3534 1105 3591 Vlll.
1126 3533 1238 3629 Reisig.
1257 3540 1279 3623 ,f'
1328 3580 1337 3593 .

160 3611 282 3693 Vorl.§.
293 3617 359 3670 169.
377 3596 497 3671 lllureto
514 3626 544 3671 et
557 3611 659 3692 Lipsio
672 3611 761 3671 verba
777 3614 823 3671 ael
834 3612 952 3672 easdem
968 3634 1123 3694 superesse
1140 3636 1237 3710 suspi-

160 3692 293 3752 cantibus
309 3693 470 3752 assentitur
484 3694 637 3768 Ritterus,
653 3694 737 3753 uncis
756 3715 789 3752 ea
807 3693 977 3754 includens:
999 3693 1133 3754 »Tacitus
1157 3716 1236 3756 enim

160 3773 192 3832 in
222 3773 409 3832 iustissimam
437 3774 697 3854 reprehensionem
729 3774 927 3851 incurreret,
949 3776 975 3835 si
1001 3797 1142 3858 personas
1170 3792 1236 3837 suas

30 3898 32 3907 .
72 3910 74 3915 ,
160 3855 276 3914 easdem
296 3875 396 3915 causas
414 3855 570 3916 asserentes
587 3855 767 3929 induxisset,
791 3856 968 3936 eandemque
988 3879 1051 3917 rem
1071 3857 1117 3917 bis
1131 3857 1178 3917 vel
1191 3870 1238 3917 ter

161 3935 356 4016 exposuisset.
397 3936 477 3994 Nihil
504 3936 563 3997 tale
589 3937 713 4017 legimus
735 3937 765 3994 iu
790 3938 974 3997 sermonibus
995 3939 1046 4020 qui
1066 3951 1237 4019 supersunt,

160 4028 216 4076 uec
235 4017 329 4076 Taciti
357 4038 403 4076 ars
434 4018 576 4092 admittit,
605 4029 641 4075 ut
667 4018 697 4075 in
726 4018 876 4096 deperdita
901 4020 999 4100 operis
1020 4031 1102 4100 parte
1123 4020 1240 4093 easdem

161 4110 317 4178 corruptae
332 4097 515 4177 eloquentiae
532 4119 629 4159 causas
647 4099 793 4178 expositas
810 4118 875 4161 esse
891 4103 1052 4174 credamus,
1073 4120 1138 4160 cum
1153 4122 1238 4181 prae-

161 4179 263 4241 sertim
290 4201 349 4240 una
374 4181 578 4240 tantummodo
604 4179 707 4240 lacuna
732 4179 810 4262 (non
829 4181 939 4262 loquor
964 4182 1001 4242 de
1020 4180 1102 4241 biatu
1127 4200 1238 4263 paucu-
