2832 4808
333 320 336 325 ’
421 357 425 362 .
505 306 581 386 Cap.
605 306 762 387 XXXIX.
859 314 879 350 ἵ
952 318 957 331 ’
1096 307 1161 368 265
1173 258 1182 306 ὐ

45 455 49 459 ’
87 473 134 529 et¹
150 459 255 557 spatia
280 457 440 557 probant,
456 459 512 530 'sie
537 476 585 531 est
603 457 722 557 aliquis
741 476 908 533 oratorum
926 486 1073 561 campus,
1094 476 1171 563 *per'
1263 454 1286 554 J

89 584 191 655 quem
218 559 279 628 nisi
307 556 402 628 liberi
425 573 461 630 et*
481 557 578 630 soluti
605 559 1047 659 ferantur,‚debilitatur·ae
1068 563 1160 635 fran-

88 657 181 751 gitur
214 655 416 756 eloquentia.n
458 659 567 757 [psam
595 658 802 756 quinimmo
828 660 1160 758 curamet'diligen-
1206 720 1208 728 .

89 758 135 827 tis
155 755 218 826 stili
238 752 429 829 aoiietatem
449 759 645 835 contrariam
669 761 865 857 experimur,
892 759 968 858 'quia
984 774 1084 862 saepe‘
1106 754 1160 834 iu·
1200 782 1204 856 J

36 924 40 932 ,
89 871 237 950 terrogat
258 856 375 946 iudex,
406 851 877 958 causant,quandosioeipias,
904 874 935 931 e't
958 888 997 934 ex
1019 856 1163 934 iuteiro·

52 962 58 967 ’
88 954 223 1049 gatione
251 956 322 1028 eius
342 956 566 1057 incipiendum
585 975 642 1030 est.
677 960 882 1057 Frequenter
903 959 1188 1061 probationibus

76 1148 103 1177 κ
177 1113 338 1195 oratorum
357 1149 476 1209 campus
502 1163 537 1173 —-
566 1128 651 1187 lileri
676 1137 705 1186 et
729 1130 818 1189 soluti
837 1126 994 1211 serantur]
1031 1121 1158 1211 Coinpus
1186 1122 1197 1202 ἒ
1231 1172 1242 1181 -
1286 1195 1289 1211 .

88 1208 252 1288 metaphor.
272 1222 318 1269 est
337 1212 454 1271 materia
471 1209 609 1284 uberior,
629 1229 704 1289 quae·
721 1210 817 1270 locum
838 1211 886 1287 dat
906 1211 1036 1282 dicendi,
1057 1213 1159 1294 dispu-
1184 1203 1191 1277 i

88 1290 190 1366 tandi,
209 1292 328 1370 agendi,
348 1314 404 1372 qua
424 1292 520 1376 signif.
539 1291 741 1371 frequentatur
767 1315 783 1352 a
803 1290 863 1352 Cic.
885 1293 931 1351 vd.
952 1278 1069 1353 sehtu.
1088 1296 1158 1353 Lex.
1245 1314 1248 1317 ·
1317 1296 1324 1323 “’

91 1392 116 1430 s.
136 1382 170 1430 'v.
192 1372 252 1432 Off.
272 1376 295 1447 l,
318 1380 364 1433 18.
386 1387 458 1433 extr.
498 1375 578 1434 Hinc·
595 1376 743 1433 rhetorum
769 1395 887 1454 campus
914 1374 950 1432 de
968 1377 1159 1453 Marathone,
1197 1383 1203 1392 '

24 1494 27 1506 .
89 1454 259 1529 Sulamine,
278 1456 479 1516 Plataeisetc.
508 1452 611 1529 Quint.
631 1458 669 1531 V,
692 1458 811 1529 14,·31.
844 1457 972 1535 Feraturfv
992 1478 1061 1532 ergo
1082 1457 1160 1533 (elo-

89 1536 219 1615 quentia)
240 1535 297 1595 non
314 1541 443 1610 semitis,
467 1537 522 1595 sed
546 1540 677 1616 campis..
712 1539 884 1621 synonyma
908 1538 980 1596 liber
1001 1549 1030 1597 et
1048 1541 1181 1612 solutos,
1269 1556 1272 1561 ’

91 1637 177 1696 saepe
198 1617 351 1681 coniuncta
370 1618 517 1700 leguntur.
529 1616 813 1693 ⁴rd.‘llcl<stcin.ad.
833 1619 861 1678 h.
878 1619 897 1678 l.
932 1619 1005 1679 Pliu.
1026 1621 1100 1702 Epp.
1120 1623 1158 1699 ll,

91 1702 141 1772 11,
154 1700 191 1757 -4.
218 1699 301 1760 Parei
321 1701 389 1760 Lex.
411 1701 622 1760 critnraotiss.
642 1723 669 1781 p.
691 1707 739 1779 521.
841 1713 843 1716 ⁴
921 1760 923 1771 ,
1207 1775 1210 1779 ἡ

169 1780 269 1860 Ipsam
287 1776 529 1866 *eac-perimor]
550 1784 648 1862 lpsom
672 1817 710 1829 -
731 1783 875 1857 diligentis
894 1776 956 1843 stili
971 1780 1157 1843 Codd.Farn.

88 1862 180 1937 (teste
196 1862 367 1947 Schiuttig.)⁴
391 1865 498 1925 Vaticc.
520 1866 591 1939 Edd.
613 1866 697 1924 Rom.
718 1866 808 1946 (teste
828 1865 929 1925 Medio
949 1864 980 1923 in
999 1862 1156 1946 Novaotiq.
1223 1908 1226 1918 .

86 1945 167 2003 Lect.
188 1945 241 2025 Ep.
262 1947 327 2017 XV.
347 1971 374 2027 p.
398 1948 461 2029 68.)
501 1949 603 2007 Heum.
622 1948 695 2005 Eru.
717 1948 799 2006 Brot.
824 1959 853 2006 et
873 1959 1011 2027 recente,
1035 1947 1200 2022 diligens]

87 2022 181 2085 Cod'd.
200 2028 266 2086 Par.
287 2028 373 2088 vind.
393 2029 446 2088 Ed.
474 2029 569 2110 Spin,
596 2029 761 2104 diligentem
782 2028 854 2087 Edd.
879 2030 979 2088 aPut.
996 2050 1099 2108 iusque
1121 2030 1157 2090 ad

86 2106 192 2166 Heum.
233 2111 396 2184 Diligenter
414 2113 492 2193 loqui
511 2135 554 2192 ap.
575 2108 638 2171 Cic]
658 2111 741 2170 Brut.
762 2116 812 2185 37,
834 2113 899 2171 tto.
927 2122 972 2170 est
989 2110 1183 2192 intelliges,
1229 2143 1231 2157 ·

87 2188 157 2267 dum
185 2191 221 2255 de
251 2192 389 2274 elegantia
416 2195 567 2253 sermonis.
615 2192 664 2255 sic
693 2191 795 2266 Quint.
826 2193 864 2266 X,
894 2198 920 2265 1,
948 2198 974 2251 3.
1005 2193 1157 2266 diligentia

54 2268 58 2277 '
86 2273 238 2339 scribendi.
278 2277 368 2334 Stilus
382 2275 405 2333 i.
427 2299 454 2356 q.
475 2298 567 2358 genus
591 2274 711 2334 dicendi.
732 2275 778 2335 vd.
800 2275 893 2333 Haud.
914 2273 1021 2333 Lelrrb.
1045 2275 1071 2333 d.
1092 2276 1153 2333 Lat.
1184 2294 1188 2301 ’

87 2329 144 2411 Stf
155 2376 182 2434 p.
200 2359 247 2415 24.
270 2355 343 2416 Plin.
364 2359 436 2438 Epp.
458 2361 479 2432 l,
501 2365 529 2429 8,
551 2365 578 2417 5.
600 2358 703 2432 Quint.
715 2358 754 2430 X,
770 2365 800 2429 3,
817 2363 842 2415 1.
856 2357 888 2415 it.
905 2361 932 2412 5.
952 2361 991 2414 sit
1002 2360 1096 2437 primo
1113 2358 1167 2433 uel*

35 2468 47 2481 ..
86 2435 209 2510 tardus,
238 2437 306 2497 dnm
328 2440 448 2514 diligens
468 2444 559 2499 stilus.
589 2445 618 2512 6,
643 2448 668 2498 1.
713 2439 859 2498 Anxietas
890 2438 935 2497 est
963 2438 1055 2499 nimia,
1076 2442 1185 2516 curm-s
1264 2470 1267 2514 .‘

48 2540 52 2552 ¹
85 2537 171 2595 quarn
190 2518 276 2579 alicui
297 2521 340 2581 rei
367 2522 567 2602 impendimus.
615 2520 718 2597 Quint.
739 2521 813 2599 Vlll.
833 2541 942 2601 proem.
964 2525 1012 2580 29.
1052 2519 1181 2589 Nam,
1245 2586 1247 2593 ,
1351 2570 1355 2578 .

86 2620 142 2680 que
163 2604 222 2659 ista
242 2604 415 2683 quaerendi,
443 2605 606 2678 iudicandi,
631 2603 826 2684 comparandi
843 2605 996 2675 anxietas,
1018 2601 1087 2660 dum
1108 2603 1155 2660 di·
1182 2624 1187 2632 ’

84 2685 204 2757 scimus,
227 2685 392 2744 adhibenda
412 2697 464 2760 est,
485 2710 539 2745 non
560 2687 628 2744 dum
647 2684 777 2744 dicimus.
819 2683 895 2743 Gett.
914 2684 950 2745 N.
965 2683 1001 2742 A.
1019 2685 1042 2757 Ι,
1061 2688 1155 2758 3,12.

86 2769 225 2824 anxietas
246 2777 275 2825 et
293 2772 379 2848 quasi
397 2773 551 2829 morositas
563 2766 773 2850 disputationis.
801 2766 867 2839 XV,
890 2771 920 2839 7,
933 2770 968 2827 ,3.
996 2764 1157 2840 Elegantia
1191 2840 1193 2843 .
1293 2788 1297 2795 ‘

57 2843 74 2931 .-
87 2850 229 2906 orationis
257 2870 345 2932 neque
372 2852 489 2909 moroso
516 2872 604 2932 neque
629 2847 741 2922 anxia,
767 2849 821 2907 sed
837 2846 939 2926 facilis
968 2857 996 2906 et
1019 2848 1154 2929 simplem.

87 2928 236 2990 Sententia
256 2929 284 2989 h.
304 2931 323 2990 l.
346 2944 406 2992 est:
434 2934 504 2992 =Nou
533 2931 783 3014 operaepretium
805 2928 993 2988 estmultum
1015 2950 1100 2990 curae
1121 2951 1155 2990 ac

41 3069 47 3074 .
88 3010 176 3071 studii
194 3012 224 3070 in
245 3012 414 3073 elaboranda
434 3028 464 3074 et
485 3016 612 3075 habenda
632 3013 764 3073 oratione
784 3031 974 3084 consumere,
1003 3011 1069 3090 qnia
1086 3033 1153 3070 ora-

27 3114 29 3125 ·
87 3103 136 3150 tor
162 3093 291 3154 aiudiee
318 3095 348 3154 io
377 3099 539 3177 perorando
568 3094 767 3176 interpellatus
795 3105 825 3151 et
849 3091 973 3151 arelius
1003 3092 1156 3153 minusad
1205 3088 1211 3107 '

77 3170 198 3237 'caesim
216 3177 429 3256 pertinentibus
451 3191 602 3238 revocatus
625 3198 657 3235 ea
674 3176 751 3256 ipsa,
772 3194 843 3253 quae
862 3172 1081 3255 diligentissime
1097 3174 1156 3233 ela-

87 3252 217 3329 boravit,
239 3259 374 3318 omittere
394 3261 517 3340 cogitur.
561 3258 605 3320 cf.
628 3259 733 3333 Quint.
755 3257 806 3329 Xl,
830 3262 860 3327 2,
881 3258 948 3315 4ss
1043 3278 1045 3282 ’

154 3337 329 3419 Frequenter
339 3343 553 3422 prolationibus
567 3352 595 3400 et
608 3340 726 3399 testibus
738 3339 881 3396 silentium
894 3339 1028 3417 patronis
1041 3336 1154 3413 indicit]
1172 3350 1174 3357 ⁴

87 3426 226 3501 patronus
244 3423 344 3481 incidit
363 3445 435 3499 unus
454 3424 604 3484 interiecta
621 3442 676 3503 pro
696 3423 840 3482 silentium
861 3417 970 3477 lacuna.
980 3416 1053 3478 Cod.
1073 3420 1162 3490 Panp
1247 3429 1250 3433 ’
1357 3436 1359 3441 ’

87 3510 226 3580 patronus
247 3503 356 3562 indicit.
377 3527 449 3564 unus
470 3499 570 3576 Vind.;
600 3513 758 3585 patrumm:
779 3500 970 3560 indictiones
990 3501 1154 3580 Ed.Spir.;
1215 3561 1218 3569 ,

87 3589 227 3664 patronus
237 3586 337 3645 indicit
356 3608 429 3663 unus
447 3588 518 3646 Edd.
539 3589 604 3646 Pot.
624 3584 690 3645 uiv.
713 3585 777 3642 Ber.
792 3582 871 3653 Atc.;
890 3592 1030 3664 patronus
1047 3583 1155 3641 indicit.

91 3663 168 3722 Unus
187 3665 259 3725 Edd.
276 3687 295 3725 a
308 3666 401 3727 Rhen.
419 3664 497 3753 seqq.
519 3669 687 3749 pleraeque;
708 3664 870 3745 Schulting.
890 3663 1010 3735 conieci.
1028 3673 1154 3743 patrono

88 3747 220 3805 indicitur
238 3762 411 3829 receperunt
429 3750 545 3811 Schulz.
568 3763 597 3810 et
619 3751 731 3818 Boett.;
751 3738 884 3827 patronis
904 3745 1017 3803 indicit*
1032 3742 1154 3805 coniectz
1230 3750 1232 3760 ¹

88 3827 265 3909 Francogalli
294 3833 329 3890 de
358 3832 383 3891 la
403 3835 554 3917 Monnoye
573 3831 694 3913 probata
714 3835 767 3891 'est
796 3827 927 3888 Oberlin.
955 3827 1078 3886 Seebod.
1100 3828 1154 3886 Ed.

69 3909 121 3967 lli.
142 3912 252 3970 Osann.
274 3912 365 3972 Orell.
388 3927 418 3974 et
438 3916 541 3986 Baeh.;
562 3926 688 3995 patrono
717 3910 819 3970 indicit
838 3909 962 3970 coniecit
982 3908 1153 3969 Morabinus

89 3991 262 4075 Francogaii.
281 3995 397 4079 Dialogi
418 3996 571 4079 interpres.
596 3996 727 4057 Ritterus
746 4002 886 4073 patronus
906 4003 1042 4070 tanquam
1056 3991 1153 4050 iuter-

89 4079 412 4159 pretameutums'nncis
447 4079 584 4154 inclusit,
618 4079 704 4158 lqreod
739 4074 933 4155 interpolator
967 4072 1153 4155 adscripserit

90 4154 182 4215 verbis
200 4158 273 4218 falso
294 4180 362 4222 ase
388 4161 541 4231 intellectis
562 4183 634 4222 nnus
661 4169 713 4219 out
736 4159 813 4217 alter
835 4159 954 4225 assistit.
994 4155 1171 4227 ADronk„

88 4236 233 4327 proposita
255 4243 443 4324 transpositio
465 4246 584 4305 testibus
601 4245 745 4304 silentium
765 4239 871 4324 indicit.
914 4238 1061 4323 Patientis
1083 4257 1154 4297 unus
