2970 4808
266 256 311 319 82
594 251 753 334 Dialogus
774 248 814 314 de
837 249 1022 350 Oratoribus

268 408 348 484 ditis
379 409 414 482 iu
442 404 572 480 theatro
601 398 734 502 Virgilii
768 403 921 480 versibus
947 405 1091 480 surrexit
1114 402 1290 479 universus
1316 420 1350 479 et

268 510 355 584 torte
378 523 586 610 praesentem
607 521 876 605 spectantemque
899 505 1076 603 Virgilium
1100 510 1276 578 veneratus
1298 521 1350 577 est

267 609 318 683 sic
347 606 444 707 quasi
470 607 672 701 Augustum.
730 606 782 677 Ne
813 605 937 676 nostris
970 604 1105 704 quidem
1138 602 1349 702 temporibus

267 706 445 782 Secundus
467 703 676 805 Pomponius
705 703 791 777 Asro
816 703 965 777 Domitio
996 702 1047 781 uel
1078 702 1350 801 diguitate‘ritae
1409 804 1413 811 ⁴
1466 720 1467 727 ’

266 884 466 937 commentatt.
477 873 513 932 ΙΙ.
528 874 565 935 de
584 872 777 957 Imperatoris
793 871 925 933 Caesaris
941 874 989 933 An
1032 872 1071 933 sti
1087 870 1204 968 scriptis
1227 891 1349 931 eorum-

266 978 325 1038 que
357 954 499 1036 reliquiis.
533 955 628 1016 Grim.
652 961 730 1016 1835
755 966 785 1015 et
809 959 897 1015 1836.
921 959 949 1016 4.
1015 953 1084 1013 nius
1104 954 1161 1015 virr
1185 950 1350 1012 doctissimi

265 1059 343 1120 opus
364 1038 400 1098 de
421 1037 481 1097 uita
509 1049 539 1097 et
567 1038 684 1119 scriptis
711 1036 842 1119 Augusti
862 1044 890 1097 2.
911 1036 982 1099 roll.
1006 1035 1217 1115 absolvendum
1235 1034 1350 1094 iamdu-

266 1121 335 1182 dum
357 1120 461 1201 cupide
477 1131 674 1200 *exspectatur
717 1160 719 1165 ,
1256 1134 1261 1139 ·

192 1282 195 1287 Q
348 1212 459 1271 cuditis
479 1215 509 1271 in
530 1211 646 1271 tlreutro
669 1211 785 1285 Virgilii
802 1205 946 1289 uersibus]
971 1206 1141 1269 Weicbert.
1161 1217 1274 1289 poetar.
1291 1205 1348 1268 La-

264 1291 319 1352 tin.
340 1292 423 1373 reliq.
446 1314 474 1375 p.
495 1296 563 1353 285.
607 1293 681 1353 »lam
708 1311 781 1351 vero
811 1289 955 1350 nobilium
981 1302 1136 1371 poetarum
1163 1288 1289 1351 carmina
1315 1290 1349 1352 in

264 1370 388 1436 theatris
410 1394 474 1433 esse
494 1373 632 1449 recitata,
662 1383 833 1433 constater
854 1372 942 1435 Aust.
961 1371 1077 1454 Dialog.
1094 1372 1130 1431 de
1144 1370 1240 1431 Oratt.
1257 1395 1281 1434 c.
1299 1378 1346 1433 13.

265 1459 349 1515 testis
373 1492 410 1506 -
432 1455 607 1530 Augustum.
649 1454 741 1530 Quod
767 1453 969 1514 testimonium
999 1452 1164 1536 gravissimi
1193 1453 1346 1536 scriptoris

264 1537 337 1597 milii
364 1536 479 1598 abunde
506 1537 628 1596 firmare
650 1549 680 1596 et
701 1536 781 1596 omni
802 1535 984 1595 dubitatione
1011 1534 1138 1594 eximere
1165 1534 1281 1597 videtur
1301 1558 1348 1614 ea,
1467 1612 1468 1617 ἵ

264 1639 339 1699 quae
359 1619 464 1699 partim
485 1618 606 1678 Servius
628 1619 664 1677 ad
684 1619 765 1700 Virg.
786 1616 848 1676 Ecl.
870 1619 921 1690 Vl,
945 1620 1009 1690 tt,
1031 1616 1136 1696 partim
1156 1618 1263 1677 Donat.
1285 1618 1346 1678 Vit.

264 1699 359 1782 Yirg„
372 1701 421 1758 ΙΙΙ.
441 1699 469 1781 §.
486 1703 535 1760 41.
556 1699 712 1759 memoriae
733 1699 864 1759 tradunt.
906 1697 957 1758 ttle
979 1698 1055 1758 enim
1075 1698 1215 1780 Eelogam
1237 1711 1347 1760 sextam

264 1802 281 1841 a
301 1779 465 1865 Cytheride
486 1778 572 1840 mima
592 1779 622 1841 in
643 1779 759 1840 theatro
781 1781 930 1840 recitatam
953 1801 1018 1841 esse
1038 1780 1172 1853 adnotat;
1195 1780 1243 1842 bic
1262 1793 1345 1842 tanto

264 1883 403 1923 successu
424 1858 581 1942 Virgilium
601 1861 740 1922 Bucolica
761 1861 894 1935 ,edidisse
921 1862 1029 1936 refert,
1057 1874 1092 1921 nt
1111 1861 1141 1920 in
1163 1883 1248 1921 scena
1268 1884 1346 1943 quo-

264 1965 322 2026 que
342 1964 396 2025 per
425 1956 559 2004 cantores
582 1943 683 2004 crebra
704 1942 946 2025 pronuntiatione
970 1942 1189 2005 recitarentur«
1231 1942 1345 2003 Carmi-

263 2046 335 2085 uum
355 2024 543 2085 recitationes
566 2027 678 2085 Itomae
699 2024 729 2085 in
750 2024 867 2085 tbeatro
886 2024 974 2085 iactas
994 2045 1061 2086 esse
1083 2025 1184 2085 docuit
1203 2024 1297 2108 Lang:
1311 2026 1343 2089 in

262 2104 352 2167 vind.
379 2117 453 2188 trag.
484 2109 571 2167 Rom.
600 2129 628 2188 p.
657 2113 707 2166 27.
737 2106 848 2188 Opusc.
869 2129 899 2202 p.
921 2112 970 2167 56.
1018 2107 1068 2166 Sic
1096 2104 1198 2168 Ovidii
1226 2128 1344 2206 quoque

201 2264 202 2267 Ἴ
264 2186 392 2249 carmina
411 2187 531 2248 recitata
546 2209 611 2249 esse
626 2188 764 2249 discimus
788 2209 804 2248 e
824 2188 916 2248 Trist.
941 2190 977 2263 ll,
998 2193 1058 2247 519
1076 2200 1106 2247 et
1126 2195 1175 2248 20.
1217 2188 1258 2248 bt
1278 2209 1345 2248 mea

265 2280 334 2330 sunt
349 2271 456 2353 populo
489 2272 603 2329 saltata
624 2282 765 2353 poemata
786 2290 893 2351 soepe‚·
921 2270 1018 2351 Scepe
1035 2272 1135 2330 oculos
1156 2274 1248 2330 etiam
1270 2270 1346 2330 deti-

261 2345 351 2410 nuinu
372 2361 439 2412 tuos
459 2350 627 2432 (reserenda
646 2352 682 2412 ad
703 2351 863 2412 carminum
884 2350 1039 2411 lectionem
1057 2350 1092 2411 ab
1108 2353 1246 2435 Augusto
1266 2351 1345 2412 domi

174 2471 179 2483 x
262 2450 332 2494 suae
351 2431 468 2493 institui
488 2429 629 2516 solitam).
671 2433 712 2494 lb.
741 2436 780 2512 V,
809 2438 840 2510 ⁷,
865 2438 905 2494 25
928 2454 971 2516 sq.
1018 2430 1070 2494 (ΙΙ.
1090 2445 1190 2494 annot.
1212 2435 1247 2497 ad
1267 2432 1344 2494 Dtat

260 2535 306 2597 cp.
326 2521 377 2577 26.
480 2568 484 2574 .
568 2554 571 2559 ›
1327 2536 1330 2543 ’

343 2608 474 2665 surrexit
494 2602 779 2687 uniuersus],Quam
800 2604 925 2690 insignis
945 2605 1043 2668 bonos
1057 2606 1165 2684 suerit,
1186 2629 1273 2689 quem
1286 2629 1344 2690 po-

282 2684 350 2746 ulus
373 2686 522 2767 surgendo
546 2686 576 2746 in
597 2686 719 2747 theatris
748 2687 807 2749 nisi
828 2688 1058 2769 lmperatoribus'
1077 2711 1239 2771 eorumque
1258 2690 1344 2750 fami-

260 2706 435 2826 distrahere
460 2788 520 2825 non
542 2767 647 2828 solitus
671 2768 728 2843 sit,
755 2781 910 2849 apparete
930 2770 1112 2854 Suet.'Aug.
1133 2777 1182 2832 56.
1224 2773 1345 2834 Eisdem

262 2845 362 2928 (filiis)
379 2854 580 2928 praetextatis
608 2851 704 2909 adbuc
726 2861 921 2910 assurrectum
948 2853 986 2910 ab
1016 2857 1158 2912 uniuersis
1175 2858 1206 2913 in
1226 2855 1343 2916 tlreutro

260 2937 295 2988 et
312 2946 333 2987 c
352 2930 499 3003 stantibus
515 2933 652 3011 plausum
673 2935 846 3006 grauissime
867 2942 983 3015 questus
1003 2944 1054 2993 est.
1082 2934 1156 2994 Plio.
1169 2937 1277 3018 Paneg.
1294 2940 1343 2998 54.

260 3012 441 3089 quinctium
462 3022 545 3072 tanto
567 3015 680 3072 maiore
703 3033 841 3073 consensu
862 3017 892 3073 in
913 3020 1126 3077 uenerationem
1153 3022 1199 3076 tui
1223 3020 1344 3078 tlreutr‘a

260 3094 326 3191 ipsu
352 3104 541 3168 consurgent,
577 3105 685 3176 quanto
714 3099 811 3168 magis
841 3094 879 3154 cle
913 3106 943 3174 te
977 3116 1085 3157 scenae
1111 3099 1243 3161 silebunt.
1270 3099 1342 3181 iblq.
1397 3130 1399 3133 ·

260 3171 409 3314 ppbwarr.
429 3175 520 3235 >Suet
547 3173 649 3236 Claud.
671 3182 699 3236 6.
740 3176 799 3237 Dio
822 3174 903 3238 Cass.
923 3178 1001 3255 LlV,
1021 3184 1083 3240 27.··
1099 3179 1180 3262 Lips.
1206 3181 1298 3242 Elect.
1317 3183 1342 3261 l,

303 3264 362 3313 ‚et
381 3260 411 3329 2,
432 3261 461 3314 3.
1298 3290 1301 3297 ·

342 3353 496 3402 ueneratus
515 3353 559 3404 est
578 3347 621 3405 sic
638 3349 725 3428 quusi
741 3344 926 3430 Augustum]
947 3370 989 3410 sc.
1005 3362 1207 3414 veneraretur.

340 3431 488 3492 Secundus
508 3432 703 3516 Pomponius]
737 3436 772 3495 L.
791 3437 970 3520 Pomponius
987 3442 1136 3502 Secundus
1159 3441 1217 3501 suit
1235 3440 1285 3501 vir
1308 3440 1341 3500 iu

258 3509 349 3571 rebus
372 3511 525 3587 civilibus,
558 3525 587 3573 et
615 3513 726 3576 bellicis
748 3516 824 3577 bene
852 3532 1002 3596 versatus,
1034 3522 1145 3605 legatus
1168 3520 1342 3582 Germaniae

260 3592 441 3671 superioris,
472 3592 520 3653 cui
546 3594 662 3655 decreta
689 3597 892 3680 triumphalia,
925 3612 955 3663 et
973 3614 1070 3683 poeta
1097 3591 1224 3684 tragicus
1251 3611 1341 3660 mort.

259 3674 329 3732 circ.
349 3696 373 3734 a.
393 3681 441 3754 60.
461 3697 489 3755 p.
506 3672 560 3736 Cb.
577 3676 682 3752 Quint.
703 3680 741 3754 X,
767 3685 797 3756 t,
817 3686 865 3741 98.
891 3683 1009 3742 'Eorum
1031 3706 1102 3767 quos
1116 3682 1237 3742 uiderim
1257 3683 1341 3757 longe

255 3758 390 3837 princeps
410 3756 589 3836 Pomponius
603 3760 769 3837 Secundus,
790 3784 873 3844 qoem
894 3784 978 3823 senes
1018 3785 1103 3824 arum
1120 3767 1265 3840 tropicam
1284 3776 1341 3847 pu-v

258 3835 380 3909 tabant,
403 3839 564 3898 eruditione
588 3861 624 3900 oc
643 3845 737 3902 nitore
754 3854 911 3924 praestare
932 3865 986 3904 con
1009 3848 1153 3907 rebantur.
1196 3846 1282 3906 Duos
1303 3845 1342 3920 Ιί-

258 3914 330 3976 bros
361 3918 399 3978 de
426 3918 490 3978 eius
519 3919 587 3980 vita·
602 3923 779 4004 conscripsit
797 3924 1031 3988 Pliniustttaior
1060 3928 1088 3988 ei
1115 3939 1277 4012 cognatus,
1306 3936 1342 3988 ut

259 4011 359 4063 narret
383 3998 459 4059 Plio.
481 4001 555 4082 Epp.
578 4004 626 4076 ΙΙΙ,
648 4007 760 4078 svn,
785 4011 831 4066 17.
866 4007 947 4090 Lips.
971 4012 1007 4074 sd
1028 4012 1097 4073 Tac.
1116 4011 1195 4072 dun.
1216 4011 1270 4087 xl,
1293 4014 1340 4071 13.

258 4076 348 4163 Lang.
369 4081 456 4141 Vind.
475 4093 549 4163 trag,
568 4085 655 4145 Rom.
676 4108 704 4166 p.
725 4091 775 4147 27.
1320 4108 1323 4115 “
1354 4116 1359 4121 ’

323 4160 413 4242 'Asro
433 4162 583 4248 Durnitio]
616 4168 768 4229 Dominus
793 4167 870 4251 Aser
886 4169 979 4256 (nist.
1000 4192 1045 4259 ep:
1066 4175 1139 4260 ts).
1179 4176 1340 4252 Nemauso,
