2970 4808
375 324 377 331 ·
475 327 479 333 -
567 286 834 372 θαμΧῙἬἨ
1155 282 1217 357 lll

144 442 255 520 cendi.
305 443 366 518 ste
388 441 506 515 Catoni
531 443 603 515 seui
636 458 847 545 comparatus
882 443 918 520 C.
944 428 1119 520 Gracchus
1147 447 1220 549 ple-

144 621 305 700 multisque
325 618 442 701 scriptis
462 616 625 701 praestitit,
645 630 680 677 ut
700 622 724 680 a
737 608 856 682 summis
871 624 1072 684 Romanorum
1092 621 1221 702 scripto-

143 703 245 778 ribus,
273 701 355 761 velot
382 723 398 760 a
426 698 587 774 Cicerone,
615 696 716 776 Livio,
742 703 937 777 Quintiliano,
960 704 1026 762 iure
1053 720 1085 762 ac
1114 704 1221 764 merito

143 783 278 845 laudatus
299 784 427 862 optimus
450 795 568 853 orator,
594 780 723 860 optimus
745 784 921 863 imperator,
951 783 1079 864 optimus
1102 771 1222 845 senarios
1292 827 1305 848 .

144 864 304 924 haberetur
322 863 411 943 (Plio.
431 866 468 922 H.
489 864 525 922 N.
548 860 706 941 v11,27.).
736 865 834 923 Homo
855 886 951 924 novos
978 880 1107 924 summos
1129 868 1222 948 magia

145 952 255 1005 stt-atus
279 943 419 1024 adeptus,
448 955 631 1024 quaesturam
654 948 734 1015 548,
752 944 926 1004 aedilitatem
948 949 1033 1021 554,
1076 954 1230 1007 raetorum·
1276 942 1286 955 ⁸

144 1031 228 1099 555,
252 1025 433 1086 consulatum
446 1031 529 1099 558,
552 1042 704 1083 censuram
718 1030 799 1099 5692,
818 1037 851 1085 et
866 1024 1042 1086 fortitudine
1055 966 1160 1088 bellica
1173 1028 1221 1088 ia'-

147 1106 258 1189 signis,
287 1107 371 1166 cuius
393 1106 497 1166 eximia
518 1105 691 1164 documenta
713 1105 803 1165 edidit
831 1106 887 1166 sub
913 1105 1004 1166 Fabio
1031 1109 1158 1168 Maximo
1185 1111 1222 1170 ad

108 1236 111 1241 ,
148 1186 275 1269 Capuam
296 1193 365 1246 538.
388 1199 418 1247 et
437 1187 670 1261 adTarentum,
683 1185 822 1247 tribunus
841 1187 965 1247 militum
987 1191 1055 1248 545.
1077 1187 1108 1247 in
1124 1189 1241 1250 stulta.
1261 1255 1271 1271 x

93 1338 96 1344 Ι
148 1279 179 1328 et
209 1268 263 1329 sub
292 1267 423 1328 Consule
454 1266 577 1327 Claudio
602 1268 724 1326 Nerone
758 1268 790 1326 in
817 1288 916 1351 pugna
941 1268 977 1326 ad
1004 1270 1109 1328 Senam
1139 1274 1222 1347 tte,

146 1362 251 1431 postea
277 1349 309 1408 in
338 1347 478 1430 Hispania
505 1347 675 1421 citeriore,
693 1344 773 1409 unde
807 1348 990 1429 triumphans
1020 1351 1143 1409 Romam
1171 1371 1223 1412 re·-

45 1444 53 1451 ’
146 1431 219 1503 dib,
240 1442 270 1490 et
287 1431 398 1513 legatus
422 1429 477 1489 sub
498 1428 546 1488 M’.
565 1429 638 1488 Acil.
661 1428 822 1490 Glabrione
839 1431 872 1489 in
900 1450 1002 1510 pugna
1018 1430 1054 1489 ad
1074 1431 1222 1492 Thermo-

146 1512 249 1595 pylas,
270 1509 307 1579 iu.
322 1533 355 1571 re
375 1510 490 1591 publica
508 1522 627 1569 strenue
651 1521 682 1568 et
700 1510 819 1570 torrites
841 1530 907 1569 aum
929 1524 1032 1593 magua
1053 1511 1223 1606 integritate

146 1604 234 1671 atque
261 1591 437 1652 abstinentia
467 1592 595 1672 gerenda
623 1604 740 1648 'morum
774 1592 965 1670 antiquorum
991 1591 1222 1670 tenacissimum,

146 1673 280 1732 insamae
308 1673 462 1752 omnisque
489 1671 596 1732 saeculi
623 1671 807 1751 curruptelae
833 1673 1005 1735 uicesimum
1025 1673 1170 1733 vindicem
1191 1684 1239 1743 et*
1324 1673 1327 1681 ’

146 1753 279 1835 negleota
302 1754 492 1834 optimatium,
513 1751 604 1834 gratia
629 1752 916 1813 vehementissimum
943 1753 1050 1814 civium
1078 1754 1112 1812 in
1129 1756 1222 1837 magi-

147 1836 287 1897 stratibus
306 1836 443 1916 gertrudis
464 1834 667 1914 improborum
684 1834 880 1910 aduersarium
901 1855 932 1894 se
951 1835 1114 1895 exhibebat.
1147 1838 1221 1911 Quo

147 1917 255 1976 iactum
277 1928 331 1991 est,
352 1928 387 1975 ut
404 1917 436 1975 iu
457 1916 618 1975 multorum
633 1914 770 1974 iuvidiam
787 1916 931 1974 etodium
947 1916 1124 1992 incurreret,
1144 1934 1221 1997 quos

147 2009 198 2057 aut
219 1998 282 2078 ipse
302 2010 450 2057 accusaret
472 2009 523 2056 aut
542 2017 558 2055 a
579 1995 685 2075 quibus
703 2006 898 2056 accusaretur.
938 1997 985 2057 De
1004 1997 1110 2056 litteris
1125 2009 1222 2060 autem

147 2078 259 2138 Latinis
279 2090 337 2137 tam
356 2078 502 2158 praeclare
522 2077 647 2151 meruit,
668 2088 703 2135 ut
721 2076 786 2137 iure
801 2076 985 2156 eloquentiae
1002 2081 1150 2139 Romanae
1169 2100 1222 2160 pa-

130 2172 218 2219 'rens
244 2159 283 2217 sit
302 2159 460 2218 bibendus.
502 2158 655 2219 Excellens
680 2158 757 2217 enim
777 2158 932 2238 multiplici
949 2159 1084 2219 doctrina
1108 2173 1138 2220 et
1159 2162 1224 2220 sia-'

149 2240 244 2323 galeri
280 2239 354 2300 iuris
390 2239 508 2299 seientia
539 2238 701 2319 permultos
727 2239 847 2320 scripsit
878 2239 969 2299 libros
1001 2261 1111 2320 eosque
1136 2263 1222 2322 prae-

149 2320 365 2395 stantissimos,
395 2343 520 2400 quorum
547 2320 683 2401 reliquias
710 2330 823 2379 tantum
849 2332 968 2400 praeter
994 2321 1101 2380 librum
1130 2323 1165 2383 de
1188 2340 1223 2384 re

148 2402 259 2461 rustica
288 2403 322 2461 ad
352 2423 406 2461 uos
433 2402 604 2482 pervenisse
638 2420 825 2482 summopere
842 2401 1014 2461 dolendum
1048 2410 1111 2479 est,
1151 2424 1221 2482 quas

151 2483 222 2542 satis
244 2483 428 2564 negligenter
447 2483 567 2564 collegit
580 2482 616 2552 Α.
636 2482 711 2540 Lion
732 2483 763 2542 iu
785 2480 1222 2566 Catonianis.Gutting.1826.

150 2571 198 2638 8.,
227 2563 276 2622 dili
299 2564 394 2623 eutius
416 2576 501 2623 oratt.
521 2565 623 2644 fragm.
643 2565 755 2646 Meyer.
777 2584 804 2644 p.
828 2569 971 2625 tta-92.
1013 2565 1092 2623 Sunt
1109 2569 1223 2624 aratio-

151 2664 202 2703 nes
222 2586 342 2724 ameius
366 2650 435 2719 tao,
456 2660 526 2724 quas
549 2643 654 2723 Qicero
674 2644 768 2702 adbuc
784 2644 877 2724 legit,
899 2644 936 2702 de
956 2666 989 2703 re
1007 2649 1132 2719 rustica,
1153 2647 1224 2705 ori-

146 2730 253 2800 ginum
269 2726 287 2783 l.
308 2730 371 2800 Vll,
393 2725 430 2784 de
450 2746 483 2784 re
502 2728 641 2798 militari,
662 2727 816 2804 epistolae,
838 2727 1008 2805 epistolieue
1028 2730 1223 2807 quaestiones,

123 2802 187 2865 'de
206 2807 494 2881 liberis'edueaudis,
524 2801 644 2865 carmen
662 2807 698 2863 de
719 2806 863 2879 maribus,
893 2812 1136 2883 commentarius,
1165 2830 1222 2889 qua

149 2887 283 2946 medetur
291 2885 379 2965 filio,
400 2893 507 2963 seruis,
527 2887 748 2966 familiaribus,
775 2888 1028 2968 apophthegmata
1044 2900 1078 2948 et
1096 2890 1134 2947 de
1152 2910 1224 2949 ora-

148 2976 221 3027 tore.
262 2969 407 3051 Egregius
424 2968 506 3028 lucus
523 2969 560 3028 de
576 2968 708 3027 laudibus
722 2964 843 3028 Catonis
859 2980 905 3028 est
925 2969 987 3030 Liv.
1011 2970 1151 3045 XXXIX,
1173 2973 1224 3030 40.

149 3049 256 3123 Quint.
275 3054 338 3126 Xll,
363 3055 410 3124 11,
435 3056 484 3109 23.
526 3051 569 3109 M.
591 3049 746 3109 Censorius
769 3048 866 3122 Cata,
894 3049 972 3108 idem
994 3060 1117 3126 orator,
1144 3051 1224 3110 idem

148 3131 292 3189 historiae
314 3131 458 3205 eonditor,
481 3131 559 3189 idem
584 3130 765 3203 iuris,idem
780 3146 877 3210 rorum
898 3135 1077 3189 rusticarum
1103 3136 1224 3210 peritis-

146 3214 250 3284 simus,
270 3215 347 3269 inter
364 3221 441 3270 toto
463 3231 533 3269 eras
552 3213 686 3285 militiae,
707 3219 809 3269 tantas
828 3210 909 3269 domi
927 3215 1133 3284 contentiones,
1155 3210 1226 3271 rudi

146 3293 267 3350 saecuto
286 3293 403 3349 litteras
421 3232 561 3349 ¹(graecas
583 3299 684 3349 aetate
704 3290 766 3349 iam
787 3290 936 3349 declinata
957 3291 1075 3361 didicit,
1098 3301 1130 3350 ut
1149 3302 1226 3351 esset

147 3371 312 3430 bominibus
333 3371 521 3444 documento,
542 3392 578 3429 ea
596 3388 708 3453 quoque
726 3374 842 3451 percipi
856 3390 959 3452 posse,
981 3392 1056 3453 quaa
1075 3392 1158 3431 senes
1177 3374 1231 3432 di-›

148 3453 296 3511 dicissent.
326 3450 386 3512 Cic.
408 3452 490 3511 Brut
508 3457 557 3526 17,
577 3458 627 3514 65.
655 3452 776 3510 Catonis
793 3472 863 3510 vearo
883 3455 947 3534 quis
965 3463 1131 3512 nostrorum
1153 3462 1224 3513 ora-

148 3542 263 3605 imum,
284 3534 466 3615 quiquidem
486 3551 562 3591 naue
580 3543 664 3607 sunt,
685 3534 756 3606 legit
775 3542 828 3590 aut
846 3538 908 3615 quis
928 3537 1008 3594 norit
1026 3536 1166 3593 omniuo?
1195 3543 1227 3594 et
1326 3550 1331 3562 ⁴

147 3633 234 3696 quem
254 3617 362 3688 uirum,
384 3614 418 3672 di
434 3614 522 3673 boni!
548 3617 632 3672 mitto
653 3617 743 3671 ciuem
763 3623 817 3672 out
833 3625 1000 3676 senatorem
1020 3625 1075 3673 aut
1093 3619 1225 3695 impe-ra-

148 3704 260 3762 torem;
287 3704 435 3754 aratorem
463 3697 539 3752 enim
567 3695 623 3752 boo
644 3695 706 3753 laco
732 3699 916 3775 quaerimus:
944 3699 1009 3778 quis
1034 3697 1085 3754 iiio
1102 3699 1230 3769 grauior*

149 3778 179 3834 in
200 3774 369 3848 laudando,
389 3777 526 3835 acerbior
542 3778 572 3833 ia
596 3776 796 3854 vituperando,
818 3779 848 3833 in
863 3780 1012 3849 sententiis
1025 3781 1171 3852 argutior,
1190 3777 1225 3844 ‚iu
1262 3788 1265 3791 “

51 3922 53 3925 ,
150 3855 280 3914 docendo
301 3856 540 3938 edistereudoque
552 3856 709 3934 mbtilior?
748 3854 888 3933 Refertae
909 3867 975 3916 sunt
990 3860 1138 3920 orationes
1158 3876 1224 3915 am-

147 3938 227 4016 plius
245 3946 360 4002 eentum
380 3941 605 4020 quinquaginta,
621 3956 694 4018 quae
713 3937 828 4018 quidem
850 3936 949 4015 aditae
963 3940 1119 3995 invenerim
1139 3946 1169 3995 et
1183 3939 1226 3996 le-

147 4021 254 4091 gerim,
270 4029 299 4075 et
315 4019 408 4077 uerbis
422 4029 452 4079 et
465 4021 552 4078 rebus
565 4018 735 4091 illustribus,
757 4019 826 4076 lieet
841 4038 878 4074 eae
893 4018 939 4076 iris
955 4019 1066 4091 eligant
1082 4037 1130 4093 ea,
1148 4037 1228 4099 quae

149 4101 300 4157 notatione
322 4109 353 4158 et
372 4100 460 4159 laude
479 4100 570 4175 digna
589 4101 664 4157 sint:
692 4117 792 4157 omnes
817 4100 970 4158 oratoriae
999 4101 1168 4157 uirtutes-in
1188 4101 1230 4156 iis

108 4260 112 4264 ·
149 4182 339 4258 reperientur.
379 4180 446 4242 lam
475 4201 542 4241 aero
568 4178 710 4253 Wgrbas
734 4181 795 4239 eius
823 4199 907 4260 quem
930 4175 1042 4262 florem
1068 4188 1123 4237 aut
1150 4174 1230 4258 quod
1268 4230 1276 4249 ,
