2970 4808
245 228 250 239 i
273 262 336 335 106
531 269 535 275 ”
593 262 750 344 Dialogus
772 263 811 331 de
834 256 1018 333 Oratoribus

271 414 381 487 luntas
406 412 456 487 vel
481 414 585 487 fatum
614 413 758 513 aliquod
783 416 827 489 iu‘
844 414 963 489 urbem
988 413 1223 514 pertraxisset,
1258 416 1356 491 idem

272 530 304 587 et
329 512 503 587 Caesarem
530 511 698 609 ipsomet
725 515 920 587 Ciceronem
953 513 1069 589 audire
1095 514 1212 613 potuit
1228 530 1261 587 et
1286 542 1356 587 no-

271 613 349 685 stris
366 637 500 709 quoque
520 609 896 693 ocbonibosinteresse.
932 611 1090 687 Proximo
1113 610 1251 708 quidem
1267 640 1355 687 oon-

271 710 378 807 giorio
405 708 469 807 ipsi
494 707 624 783 vidistis
648 711 826 809 plerosque
844 734 960 796 senes,
985 708 1042 806 qui
1063 735 1098 779 se
1117 709 1237 783 aDivo
1262 738 1355 808 quo-

271 835 338 906 que
359 808 514 901 Augusto
541 807 643 896 semel
673 826 775 907 tique·
796 809 916 881 iterum
949 806 1116 905 occepisse
1140 809 1355 904 congiarium
1404 818 1407 821 ’

269 903 461 989 narrabant.
504 904 562 999 ·Er
584 932 652 1003 quo
680 907 790 1003 colligi
816 921 927 1007 potest
950 922 981 981 et
1005 905 1183 983 Corvinum
1214 907 1256 978 ab
1282 905 1353 983 iiis

271 1019 304 1075 et
328 1001 484 1076 Asinium
510 1002 619 1075 audiri
644 1005 814 1104 potuisse:
846 1031 924 1077 narn
948 1002 1111 1079 Corvinus
1136 1005 1171 1074 in
1200 1005 1354 1077 medium

159 1112 161 1121 ’
270 1124 380 1202 usque
405 1101 551 1197 Augusti
585 1103 828 1204 principatum,
863 1101 1215 1202 Asinius-paeno'ad
1241 1120 1354 1178 extre·

349 1276 378 1343 si
390 1274 632 1350 pertraxisset-
642 1270 719 1329 idem
734 1269 925 1330 'et-audire
937 1269 1051 1353 potuit]
1077 1271 1235 1353 etquidem
1253 1269 1350 1331 Codd.

269 1351 355 1411 Foru.
372 1373 416 1431 op.
433 1351 522 1411 Beklt.
543 1352 607 1410 Por.
628 1351 716 1412 tund.
739 1364 810 1411 vett.
830 1353 904 1411 Edd.
921 1352 1078 1435 etquidem
1092 1362 1120 1410 et
1138 1350 1210 1411 Cod.
1228 1352 1314 1410 Forn.
1332 1373 1350 1410 e

268 1428 367 1492 collat.
388 1431 544 1514 Schluttig.
565 1432 643 1490 idem
664 1448 702 1492 ex·
716 1434 827 1494 emend.
856 1433 950 1493 Rben.
977 1455 1058 1513 seqq.
1083 1434 1160 1492 idem
1182 1443 1211 1491 et
1230 1432 1349 1492 Woltb.

269 1512 344 1572 Ritt.
366 1513 453 1573 Bocb.
476 1514 633 1573 Structura
653 1513 681 1572 b.
702 1513 722 1572 l.
751 1515 820 1574 satis
841 1513 980 1594 frequens
1009 1526 1055 1574 est
1075 1514 1151 1594 apud
1177 1513 1296 1589 latinos
1318 1524 1351 1573 et

269 1592 411 1674 iprprimis
432 1594 508 1675 apud
527 1594 680 1667 Tacitum,
706 1594 757 1673 qui
784 1594 815 1653 in
837 1594 976 1655 ennciotis
998 1594 1243 1654 conditionalibus
1263 1594 1352 1675 plus·

270 1675 430 1755 quomperf.
451 1674 633 1734 coniunctivi
653 1675 685 1733 in
705 1674 817 1755 protasi
833 1688 863 1742 et
899 1676 1029 1737 raeteriti
1050 1675 1081 1735 in
1101 1675 1223 1754 epodosi
1237 1676 1349 1737 indico-

268 1755 363 1815 tivum
378 1766 505 1835 ponunt,
526 1768 561 1814 ut
578 1776 640 1814 rem
657 1756 774 1835 quidem
790 1777 852 1815 non
871 1698 975 1816 betam
992 1756 1168 1839 significent,
1184 1756 1241 1815 ‘sed
1261 1778 1348 1853 quam

250 1845 349 1906 ,certa
378 1836 548 1896 conditione
580 1835 677 1915 posita
711 1837 777 1896 fieri
805 1837 939 1917 potuisse
968 1849 1017 1896 aut
1045 1837 1181 1896 debuisse
1208 1848 1348 1919 cogitant.

244 1914 252 2001 f
268 1916 337 1976 Tac.
351 1916 430 1976 Hist.
443 1919 495 1991 lV,
517 1917 565 1976 34.
593 1937 676 1997 quem
695 1921 724 1976 si
740 1921 842 1977 statim
864 1920 1012 2001 impellere
1029 1927 1219 1991 maturasset,
1237 1920 1349 1977 soluere

241 2014 245 2043 ⁴
268 1998 413 2057 obsidium
427 2001 531 2080 potuit.
546 2000 627 2073 1364.
639 2019 732 2078 prope
744 2001 774 2057 in
786 2001 931 2079 proelium
947 2020 1098 2074 exarsere,
1119 2004 1152 2058 ni
1166 1998 1270 2058 Valens
1289 1998 1346 2057 ad-

187 2087 190 2093 ’
269 2080 505 2151 ηιοηιιίεεεί..111,
526 2084 554 2137 9.
607 2076 696 2161 Quod
721 2083 749 2137 si
773 2079 911 2167 affqisse't
931 2079 1023 2163 rides,
1056 2090 1121 2139 aut⁴
1134 2082 1260 2161 opprimi
1283 2084 1350 2139 uni-

270 2165 360 2220 uersis
390 2163 612 2233 Vitellianorum
642 2161 749 2218 uiribus
778 2161 856 2220 duae
877 2162 1002 2237 legiones
1020 2168 1160 2243 potuere,
1188 2171 1242 2220 aut
1268 2171 1348 2221 retro

211 2306 216 2311 ,
268 2252 359 2301 aetae
383 2242 501 2300 deserta
528 2242 623 2300 Italia
652 2250 765 2322 turpem
783 2241 893 2321 firgam
924 2247 1134 2303 conscioissent.
1176 2241 1347 2324 Agrio31.

153 2340 156 2350 ’
267 2322 428 2397 Brigantes
451 2354 487 2379 .-
509 2343 547 2381 aa
570 2325 628 2380 nisi
643 2318 779 2400 felicitas
805 2328 836 2382 in
862 2325 1029 2384 socordiam
1062 2328 1219 2396 uertisset,
1239 2342 1349 2381 eernere

259 2406 369 2481 ¹iugum
387 2414 517 2485 potuere.
555 2404 611 2462 Vd.
630 2404 808 2471 'Ramsboro
830 2405 884 2464 Gr.
906 2404 934 2491 ᾖ
958 2396 1024 2465 193.
1046 2411 1072 2464 7;
1094 2407 1209 2484 Zumpt.
1228 2402 1255 2486 ξ.
1278 2408 1348 2463 519:

268 2481 413 2562 Balaberd
435 2487 513 2543 Anu.
535 2486 558 2560 l,
581 2487 629 2543 35.
661 2487 791 2566 'Rupere
812 2487 860 2545 lll.
877 2486 939 2546 lnd.
955 2486 1024 2545 Vol.
1046 2488 1094 2544 lV.
1114 2508 1142 2566 p.
1165 2484 1235 2545 843.
1255 2483 1348 2544 Tacit.

248 2648 253 2665 ,
352 2586 532 2668 actionibus]
561 2585 664 2663 ⁴Aetio
693 2597 739 2646 est
763 2588 857 2648 oratio
879 2586 924 2648 vel
947 2585 1041 2647 habita
1067 2586 1113 2659 vel
1135 2586 1261 2668 scripta,
1292 2608 1349 2667 qua

236 2678 249 2749 i
269 2666 483 2752 'significatione
504 2666 576 2731 nihil
596 2666 780 2747 frequentius
811 2669 887 2749 apud
908 2666 982 2727 Plio.
1008 2678 1037 2727 et
1059 2666 1185 2743 Quintil.
1212 2669 1260 2728 vd
1276 2668 1347 2731 Lex.

228 2756 237 2827 ,l
271 2771 294 2813 s.
320 2774 346 2812 v.
370 2750 473 2824 Quint.
497 2751 536 2823 X,
559 2753 588 2824 1,
610 2755 660 2808 22.
691 2749 787 2822 legere
808 2754 954 2817 actiones,
983 2758 1015 2807 ut
1034 2748 1240 2809 Demosthenis
1259 2761 1348 2833 atque

268 2829 430 2899 Aeschinis
444 2835 520 2891 inter
545 2850 577 2889 se
607 2832 784 2888 contrarias.
821 2830 884 2904 Xll,
910 2834 958 2902 10,
979 2832 1028 2888 51.
1063 2851 1153 2915 neque
1181 2830 1348 2903 aliudesse

229 2926 232 2929 ·
269 2910 418 2991 (videtur)
439 2916 535 2970 oratio
561 2913 674 2990 scripta
700 2931 788 2990 quam
819 2919 1034 2970 monumentum
1063 2915 1189 2989 aetionis
1217 2912 1347 2973 habitae.

269 2991 345 3059 Plio.
367 2993 440 3077 Epp.
461 2995 497 3067 11,
518 2995 546 3052 5.
566 2992 618 3066 ΙΧ,
637 2995 689 3049 td.
740 2992 790 3053 stc·
813 2992 882 3063 satis
899 3003 986 3061 notae
1005 3004 1074 3053 sunt
1089 2989 1242 3063 Ciceronis
1256 2990 1346 3053 ectio-'

164 3106 175 3121 x
269 3093 322 3139 nes
346 3072 508 3139 Verrinam·
530 3070 605 3143 Dial,
627 3075 677 3139 26,
704 3080 867 3153 temporum
897 3083 1065 3157 nostporum
1090 3071 1206 3145 actores
1235 3095 1346 3161 111th

268 3164 380 3218 rantur,
467 3212 470 3215 ,

348 3254 493 3323 Proximo
514 3256 630 3336 quidem
652 3252 813 3331 congiario]
850 3256 875 3314 l.
894 3274 928 3325 a.
946 3253 1079 3332 prosimu
1106 3256 1223 3335 quidem
1245 3256 1345 3325 distri-

268 3334 391 3409 butione
420 3334 578 3416 congiarii,
610 3357 684 3418 quoe
711 3336 785 3396 iacta
808 3346 858 3410 ¹est
887 3356 910 3394 a.
937 3340 1006 3395 826.
1028 3336 1066 3409 U.
1090 3334 1109 3394 l.
1158 3337 1345 3411 Congiarium

267 3415 391 3501 proprie
409 3427 458 3485 est
476 3436 547 3491 vas„
560 3418 641 3496 quod
654 3418 802 3512 congium,
822 3437 988 3491 mensuram
1003 3436 1054 3480 sex
1075 3418 1279 3492 sextariorum,
1299 3439 1346 3485 co-

268 3499 313 3585 pit
336 3497 760 3573 deinde,uornen1nuntrts,
783 3517 843 3635 qpo
865 3496 975 3576 liquida
994 3497 1102 3580 congio
1124 3499 1154 3566 in
1174 3497 1288 3577 plebem
1310 3500 1347 3559 ad

268 3580 332 3640 eius
352 3579 484 3637 savorem
514 3580 686 3657 captandum
706 3577 792 3639 distri
813 3577 975 3654 uehuntur,
995 3586 1069 3658 quae
1082 3579 1241 3656 antiquitus
1263 3588 1348 3645 erant
1430 3629 1435 3635 .

188 3726 191 3731 ,
268 3660 317 3724 rel
338 3659 436 3718 oleum
455 3657 520 3721 Lir.
541 3661 639 3734 XXV,
657 3665 697 3732 2,
716 3657 764 3719 vel
784 3656 886 3732 vinum
906 3659 981 3721 Plio.
1003 3661 1039 3722 H.
1059 3660 1094 3721 ll
1117 3659 1195 3729 xlv,
1215 3659 1263 3730 14,
1287 3662 1346 3733 11,

269 3739 318 3799 nel
337 3738 379 3810 sal
400 3739 439 3798 ib.
461 3741 571 3815 XXXI,
592 3749 621 3813 7,
644 3742 692 3814 14,
719 3750 821 3818 postea
841 3759 914 3801 vero
939 3738 1141 3820 largitionibus
1162 3735 1345 3804 invalescen-

266 3819 348 3889 tibus
370 3818 550 3958 frumerffn
571 3820 618 3881 vel
639 3820 711 3883 odeo
734 3819 873 3899 pecunia,
893 3839 966 3898 quse
986 3818 1020 3883 ab
1044 3816 1267 3899 imperatoribus
1290 3839 1345 3898 po-

290 3900 340 3961 ulo
364 3898 426 3958 dari
447 3920 509 3958 soe
531 3913 567 3959 at.
589 3901 636 3965 vd.
656 3902 725 3961 Tae.
746 3902 826 3969 Ana.
849 3902 872 3975 l,
895 3904 942 3971 li.
965 3901 1015 3972 lll,
1036 3906 1084 3969 29.
1109 3899 1191 3966 Suet.
1214 3898 1274 3961 Tit.
1294 3906 1344 3966 20.

266 3922 318 4043 it.
340 3977 431 4061 Colig.
452 3985 498 4041 17.
533 3984 642 4059 Aque
669 3980 889 4055 discernebatur
910 3979 1097 4055 donatiuum,
1124 3980 1206 4058 quod
1231 3980 1266 4043 ab
1287 3982 1343 4043 tu-

269 4059 617 4152 peratoribusmilitibus
646 4061 877 4127 distribuebatur
905 4060 953 4123 vet
978 4060 1018 4129 ob
1045 4060 1203 4142 auspicium
1230 4060 1345 4142 imperii

218 4164 224 4171 '
269 4141 316 4211 tel
342 4141 382 4207 ub
410 4140 597 4229 adoptionem
620 4143 668 4204 vel
696 4142 734 4203 ob
761 4141 919 4211 victorium.
951 4142 998 4205 vd.
1013 4142 1108 4215 Suet.
1128 4142 1197 4211 Nar.
1219 4148 1247 4205 7.
1276 4143 1343 4209 'lan
