2928 4810
532 255 611 339 cap.
634 244 791 347 xxxin.
858 318 875 333 ,,
931 211 934 216 ’
1069 296 1071 307 ·
1127 263 1226 327 esa*
1311 276 1314 287 ·

120 439 183 486 sna
212 406 299 483 soliti
326 404 401 481 sint.
452 406 568 508 Neque
595 409 682 483 enini
707 409 787 484 dnn
809 410 878 487 arte
898 427 930 485 et
950 410 1104 501 scnntia,
1129 412 1195 497 sed>
1267 492 1269 499 ,

118 511 221 610 longe
238 511 343 606 magis
366 505 521 609 facultate
539 527 570 583 et
586 511 606 552 ³*
622 509 841 610 eloquentiam
868 512 1029 587 contineri
1053 539 1115 586 nec
1140 531 1190 606 tu,
1218 558 1223 567 ·

57 697 62 704 ,
119 629 223 715 puto,
251 609 397 695 abnues,
424 607 511 680 ethi
538 608 726 703 significare
749 611 837 685 vultu
859 613 1021 686 ridentur.
1058 611 1190 688 Deinde

120 738 223 813 quum
248 711 342 809 Aper
361 734 495 807 quoque
520 724 552 780 et
569 707 744 782 Secundus
764 709 852 784 illem
874 714 1077 801 annuissent,
1099 713 1190 788 Mes-

120 894 151 943 et
187 879 371 961 eloquentiae
405 889 524 959 paretur
556 876 607 961 (ci.
634 878 708 940 Dial.
737 877 812 961 34),
854 881 913 943 sint
940 879 1093 942 faciendae.
1139 882 1189 943 Fr.

117 965 206 1024 Hess.
228 962 259 1022 in
282 971 448 1022 commentt.
469 983 536 1020 mss.
555 959 622 1021 lect.
641 965 755 1022 iuuenes
774 964 835 1022 iain
863 973 892 1023 et
909 964 1012 1043 forum
1032 966 1192 1039 ingressuri
1241 957 1251 991 Γ

117 1045 158 1105 ita
180 1043 296 1105 delendi
312 1063 399 1124 posse
420 1054 529 1117 censet,
551 1050 586 1101 ut
604 1042 704 1124 partic.
725 1048 786 1103 iam
807 1045 841 1121 ad
861 1049 976 1105 iuvenes
992 1045 1080 1107 relata
1099 1044 1189 1106 uerba

32 1195 39 1206 ἱ
86 1142 90 1159 ⁴
120 1127 320 1209 explicentur:
351 1125 466 1205 wando
492 1125 527 1185 ad
543 1124 701 1185 iuvenilem
723 1137 842 1187 aetatem
870 1127 929 1187 iam.
967 1138 1139 1188 ervcnerant
1158 1138 1189 1188 et
1223 1196 1230 1205 ,

117 1209 216 1270 iorum
237 1206 399 1290 ingressuri
419 1217 510 1267 erant.
530 1239 568 1253 ·-
610 1205 684 1268 Cum
707 1208 917 1285 formula-ingr
955 1213 968 1268 i
977 1209 1099 1288 sorum,
1121 1208 1140 1269 i.
1161 1230 1187 1271 e.
1207 1196 1239 1271 ‘i
1343 1249 1353 1269 .

117 1291 152 1352 in
169 1290 282 1353 iudiciis
303 1287 414 1349 versari
428 1300 457 1349 et
478 1309 576 1349 causas
593 1310 697 1372 agere,
719 1291 754 1351 cl.
776 1295 819 1350 irc
837 1295 866 1351 in
879 1292 982 1371 forum
1003 1290 1196 1368 Quinctil,
1215 1286 1227 1373 f

118 1380 153 1448 2,
175 1377 241 1447 54,
270 1375 364 1431 uenire
387 1374 417 1429 in
438 1371 541 1450 forum
564 1368 624 1433 Cic.
647 1373 720 1454 Epp.
743 1372 778 1432 ad
799 1374 875 1433 Fam.
896 1374 973 1450 Xlll,
996 1378 1063 1450 10.,
1082 1371 1187 1454 sorum

116 1456 265 1530 attingere
284 1456 322 1528 V,
343 1458 389 1527 8.,
410 1456 440 1510 in
453 1451 525 1530 foro
546 1452 607 1511 esse
628 1451 719 1513 Corn.
738 1455 810 1535 Nep.
832 1453 894 1515 Cat.
918 1460 944 1515 1.
974 1478 976 1485 ’
1113 1531 1116 1546 Ι

199 1551 299 1634 Neque
312 1556 386 1623 enim
401 1550 488 1639 dum]
511 1551 603 1613 Coto.
618 1551 703 1610 Farn.
718 1552 782 1610 Par.
804 1553 888 1612 vind.
909 1553 981 1613 Edu.
999 1551 1076 1634 Spir.
1095 1548 1185 1613 Betk.
1207 1598 1210 1603 -

110 1633 216 1705 ,Boett
243 1634 346 1703 Bach.;
376 1634 445 1693 dura
475 1657 541 1694 cum
567 1635 633 1693 Put.
664 1633 811 1706 eiecerunt
831 1657 910 1716 seqq.
949 1637 1041 1694 Hand.
1068 1634 1186 1716 quidem

117 1716 205 1775 Turs.
225 1715 292 1775 Vol.
314 1720 347 1774 ll.
368 1740 396 1797 p.
417 1722 485 1776 323.
512 1715 617 1776 tmesin
637 1735 744 1774 nomm.
763 1717 907 1791 nondum,
928 1719 1086 1792 nilzilclum,
1115 1638 1236 1860 neo-f

117 1794 186 1857 dnm
211 1792 265 1857 etc‘.
286 1797 382 1858 locum
405 1793 517 1859 babere
538 1817 626 1880 posse
651 1809 753 1876 negat,
778 1799 857 1878 qnod
884 1820 946 1857 uno
966 1805 1083 1859 accentu
1112 1820 1185 1859 cou-

116 1878 283 1953 tineantur,
324 1879 439 1959 quando
466 1880 588 1940 alterum
617 1877 743 1943 enclitici
771 1874 862 1961 instar
887 1880 970 1940 alteri
998 1879 1183 1952 subiciatur,

89 1962 170 2022 'sed
204 1961 340 2042 exemplis
376 1960 536 2022 rarioribus
575 1960 690 2043 quidem
728 1960 785 2021 hoc
804 1966 1001 2043 xpraeceptum
1032 1962 1185 2021 refellitur.

37 2087 41 2101 .
117 2044 238 2103 Terent.
266 2044 369 2103 Heaut.
389 2048 425 2116 ll,
449 2049 476 2118 1,
500 2046 545 2103 1¹7.
580 2063 669 2125 neque
696 2046 785 2102 itiam
815 2044 884 2102 dum
912 2048 965 2104 scit
989 2055 1084 2125 pater.
1115 2043 1183 2104 Tac.

117 2120 195 2185 Anii.
223 2129 299 2199 Xlll,
323 2133 370 2185 50.
400 2129 464 2185 acri
490 2129 578 2185 etiarn
605 2125 707 2206 populi
730 2126 862 2185 Romani
886 2135 947 2184 tum
975 2127 1109 2185 libertate
1135 2125 1183 2184 vd.
1244 2151 1247 2159 ¹

117 2207 216 2266 Boett.
232 2208 267 2267 ‹le
286 2206 336 2266 vit.
357 2218 386 2267 et
403 2208 501 2289 script.
517 2209 583 2268 Tae.
605 2229 632 2287 p.
648 2213 695 2266 85.
716 2206 802 2266 nach.
823 2206 957 2289 Prolegg.
979 2208 1013 2267 ad
1030 2208 1096 2267 Tac.
1114 2207 1194 2266 Vol:

116 2292 153 2346 ll.
173 2311 200 2369 p.
221 2286 389 2363 XXXXV.,
409 2289 457 2369 qui
479 2311 567 2371 neque
587 2290 655 2348 dum
675 2286 752 2368 (Cic.
772 2290 845 2370 Epp.
867 2290 901 2348 acl
921 2288 1009 2349 Attio.
1032 2290 1111 2365 XlV,
1135 2293 1183 2349 10.
1271 2288 1276 2302 ’

113 2368 208 2451 extr.)
227 2370 330 2452 accipit
349 2392 403 2452 pro
424 2371 542 2431 necdum
562 2384 591 2431 et
612 2370 654 2431 sic
674 2370 811 2453 explicat:
839 2373 1045 2453 »eloquentiam
1067 2376 1133 2432 arte
1152 2380 1183 2431 ct

115 2456 240 2512 scicntia
260 2453 383 2513 nondum
405 2456 545 2512 contineri
562 2453 595 2534 (i.
612 2474 638 2512 e.
659 2452 762 2532 siquis
783 2463 873 2512 artem
892 2463 922 2513 et
940 2453 1088 2514 scientiam
1108 2473 1182 2513 con·
1270 2452 1272 2459 ‘

116 2546 259 2613 sequutus
287 2534 341 2607 sit,
374 2555 438 2593 eum
466 2536 605 2594 nondum*
624 2545 770 2601 oratorem
797 2533 877 2616 csse)
905 2536 959 2594 scd
984 2537 1183 2609 longemagis

23 2638 52 2672 ·.
106 2614 257 2694 facultate
276 2619 414 2676 contineri
439 2616 472 2697 (ἰ.
495 2634 519 2676 e.
541 2619 593 2678 sed
613 2615 723 2676 oratori
751 2616 865 2676 dicendi
891 2616 990 2698 potios
1017 2616 1182 2677 facultatem
1258 2658 1265 2671 .

116 2718 191 2778 opus
211 2696 293 2795 esse)
322 2714 404 2757 nemo
431 2699 570 2759 dubitat«
607 2700 656 2759 Fr.
676 2699 762 2759 Hess.
782 2698 813 2757 in
835 2711 1002 2760 commentt.
1024 2721 1093 2759 iuss.
1114 2700 1180 2759 sola

114 2791 182 2838 arte
202 2784 362 2860 suspicatus
383 2791 437 2840 est.
474 2832 476 2841 ,
567 2839 572 2846 ,

196 2878 249 2937 ssd
268 2879 351 2953 longe
372 2881 467 2952 magis
478 2875 628 2956 facultate
648 2887 677 2937 et
690 2875 717 2918 ‘¹⁸
737 2877 928 2957 eloquentiam
948 2874 1105 2960 contineri]
1123 2874 1180 2956 fa-

14 2973 20 2987 *
116 2961 226 3027 cultata
247 2970 275 3019 et
294 2963 456 3042 eloquentia
479 2958 571 3020 Codd.
592 2971 621 3020 et
643 2970 712 3020 vett.
733 2960 805 3019 Edd.
818 2957 966 3038 facultate
987 2961 1179 3042 eloquentiam

116 3062 150 3101 ex
175 3043 287 3103 emend.
307 3042 402 3107 Rhea.
417 3063 496 3120 seqq.
538 3043 638 3116 Quum
660 3041 690 3099 iu
710 3041 853 3122 scriptura
868 3039 960 3101 Codrl.
976 3053 1005 3100 et
1018 3053 1090 3101 vett.
1105 3042 1179 3101 Eud.

33 3184 37 3193 ,
113 3135 184 3204 post
207 3134 235 3182 ct
264 3120 532 3202 aliquidexcidisse
559 3121 726 3196 videretur,
757 3123 835 3201 qood
862 3122 1040 3182 concinnitas
1061 3140 1180 3202 quoque
1245 3180 1248 3185 .

113 3202 257 3263 elationis
278 3203 456 3286 postularet,
484 3203 560 3263 unt.
581 3202 679 3284 Agric.
699 3202 847 3283 interponi
865 3203 960 3279 voluit
976 3205 1185 3281 'meditationc,

51 3316 55 3326 ¹
115 3285 304 3369 Tyrwhittos
326 3307 378 3344 usu
398 3284 550 3365 probatum
571 3283 684 3343 Droulc.
705 3280 735 3342 et
756 3282 867 3358 Orell,
897 3288 945 3364 qui
971 3285 1056 3345 oncis
1082 3278 1179 3346 inctuss

18 3377 20 3381 '
117 3387 182 3425 snm
203 3366 233 3424 in
254 3377 336 3426 textu
356 3366 469 3448 posuit,
491 3376 521 3425 et
541 3366 588 3425 Fr.
608 3366 692 3437 Hess,
716 3365 781 3425 coll.
801 3364 905 3441 Quint.
927 3370 988 3444 Xll,
1013 3372 1042 3439 6,
1064 3370 1092 3427 4.
1134 3367 1176 3428 Ec

115 3448 243 3508 Hercule
268 3449 476 3532 quantumlibet
505 3457 621 3507 secreta
653 3447 753 3506 studio
782 3450 967 3523 contulerint,
1005 3458 1048 3521 est
1079 3444 1178 3509 taiuen
1247 3450 1249 3453 ’

112 3533 250 3612 proprius
268 3524 385 3613 quidaiu
397 3531 465 3610 fori
477 3527 642 3612 prostratus,
670 3531 732 3588 alia
754 3530 830 3603 lux„
845 3532 907 3589 alia
925 3534 986 3589 neri
1003 3531 1179 3590 discriminis

106 3610 222 3690 socies,-
249 3614 389 3694 plusque,
415 3614 444 3674 si
466 3633 600 3694 separes,
636 3614 791 3673 usus·sinc
820 3611 956 3672 doctrina
985 3634 1071 3694 qaam
1099 3616 1181 3672 citra

117 3712 198 3752 usum
227 3694 363 3754 doctrina
392 3698 476 3756 ualet.
511 3693 658 3758 ,Forsitan
686 3692 825 3753 exciderit
853 3698 881 3753 oi
910 3705 979 3776 post
1007 3704 1052 3767 ct,
1077 3714 1176 3773 quum

113 3773 229 3858 legatur
246 3774 321 3835 Dial.
341 3782 390 3836 30.
417 3781 458 3836 nis
483 3786 512 3835 et
531 3775 681 3854 facultas,
708 3786 739 3835 et
764 3774 840 3835 insra
860 3774 893 3853 h.
909 3797 953 3856 cp.
971 3772 1116 3853 facultati
1135 3778 1176 3835 nis

114 3859 292 3938 eloquentiae
313 3860 444 3919 accedat.
482 3857 665 3917 Klossmann.
684 3856 819 3940 Prolegg.
839 3879 867 3938 p.
887 3860 915 3919 4.
943 3857 1107 3938 suspicatur
1126 3875 1174 3918 re-

115 3938 186 4020 spici
205 3958 222 3998 a
241 3939 375 4001 Materno
395 3941 432 4000 ad
451 3937 512 4001 Cic.
532 3940 569 4000 de
588 3939 669 3999 Orat.
687 3941 712 4014 l,
732 3947 762 4013 2,
784 3946 813 4000 5.
1148 3994 1150 4005 ,
1177 3940 1179 3945 ’
1264 4006 1266 4015 1

36 4022 39 4035 '
95 4076 97 4082 .
194 4018 243 4102 iu']
264 4018 356 4083 Codrl.
376 4024 441 4103 Par.
457 4020 543 4081 vind.
562 4020 635 4081 Edd.
649 4020 725 4102 Spin.
740 4021 834 4081 Ithe'n.
852 4033 881 4081 et
895 4043 957 4101 sqq.
973 4043 1010 4082 ss.
1026 4020 1124 4081 omiss.
1142 4018 1175 4079 in
1207 4060 1210 4071 ·
1276 4052 1282 4063 ι

14 4106 17 4113 “
114 4099 187 4161 Edd.
205 4101 271 4162 Put.
290 4104 357 4164 Rtv.
370 4104 438 4166 Ber.
458 4102 539 4177 Alc.;
560 4106 585 4162 ii
603 4100 675 4164 Cod.
695 4104 779 4162 Faru.
821 4104 960 4173 nHisisut
981 4101 1173 4186 intelligendi,

111 4183 166 4265 qui.
182 4183 250 4244 linic
267 4187 592 4249 sermoni'intensonto·
624 4182 770 4246 Ecltstein.
908 4184 914 4199 ‘
1102 4240 1109 4249 .
