2970 4808
592 260 669 340 Cap.
694 258 786 320 XIX.
880 301 884 317 .
1162 264 1222 359 127

833 371 843 396 .

140 408 274 493 llexisse
296 408 343 482 ab
370 409 426 484 illa
450 427 693 509 retereatque
726 411 853 485 ‹lirecta
880 412 1015 486 dicendi
1049 416 1120 504 via,
1154 442 1222 491 nan

141 541 243 601 fuisse.
261 543 319 600 ·vd.
342 542 511 602 Weicltcrt.
544 542 579 601 de
599 543 632 600 L.
654 545 799 602 Veneto.
827 565 855 623 p.
879 550 945 604 190.
993 547 1056 605 Sub
1082 552 1221 628 Augusto

141 645 246 704 magua
264 624 447 703 eloquentiae
467 624 549 682 laude
570 622 684 695 floruit,
707 625 758 682 sed
778 624 834 682 fuit
855 628 989 689 sordidae
1006 628 1139 710 originis,
1160 651 1221 689 ma-

43 702 48 706 *
141 702 240 764 leficae
262 706 356 781 vitae,
380 707 483 767 orandi
503 705 615 764 validus
638 726 690 784 per
712 705 879 766 immodicas
901 709 1075 771 inimicitias.
1116 711 1223 792 Augu-

142 798 206 844 stus
235 787 374 846 adversus
404 809 470 846 eum
499 799 532 845 ut
559 786 706 849 hominem
736 787 861 845 dicacem
891 801 922 847 et
947 791 1141 869 petulantem,
1172 791 1223 870 qui

142 866 260 945 scriptis
284 869 455 948 procacibus
475 867 555 934 viros
580 866 628 948 (ut
650 868 860 944 Maecenatem)
889 869 1068 952 feminasque
1091 868 1221 932 illustres

142 944 335 1022 diffamasset‚
366 949 564 1031 cognitionem
588 946 623 1007 dc
643 948 760 1008 famosis
782 948 891 1009 libellis
915 953 1011 1030 specie
1039 954 1110 1034 legis
1135 955 1223 1014 maie-

142 1030 226 1089 statis
247 1031 401 1089 constituit
424 1051 550 1108 cumque
577 1030 686 1089 iudicio
715 1030 803 1088 iurati
830 1043 948 1090 senatus
970 1032 1087 1093 Cretam
1112 1036 1223 1117 relega·
1271 1038 1279 1053 ⁴

105 1150 109 1156 ,
141 1110 193 1171 rit.
242 1112 303 1171 Ubi
330 1135 419 1191 quum
449 1113 548 1171 eadem
575 1102 720 1170 actitando
748 1112 875 1170 recentia
907 1117 1152 1193 veteraque-odia
1171 1118 1222 1176 ad·

141 1193 299 1264 vertisset,
330 1194 415 1253 bouis
438 1196 543 1252 exutus
564 1192 779 1272 interdictaque
799 1193 860 1273 igni
880 1205 966 1272 atque
987 1216 1059 1274 aqua
1087 1197 1117 1254 in
1138 1197 1222 1257 insu-

142 1273 198 1331 lam
229 1275 385 1355 Seriphum
412 1287 526 1333 amotus
557 1274 618 1347 est,
656 1275 686 1332 in
716 1296 781 1352 qua
800 1275 962 1333 miserrima
990 1276 1047 1334 vita
1080 1290 1264 1350 transacta„
1319 1340 1322 1345 ,

141 1367 278 1414 mortuus
309 1369 371 1429 cst,
410 1377 469 1435 quo
497 1376 573 1414 anno
600 1355 776 1424 incertum
795 1357 955 1414 secundum
985 1359 1159 1440 Hieronym.
1184 1360 1220 1419 in

142 1436 250 1494 Euseb.
276 1436 390 1496 'Cliron
413 1460 436 1495 a.
458 1441 507 1496 34.
534 1458 561 1516 p.
584 1435 638 1494 Ch.
668 1436 752 1516 (787.
772 1438 813 1515 U„
834 1434 893 1516 C).
914 1436 976 1499 ,ΟΕ
1009 1440 1076 1497 Tac.
1099 1440 1176 1498 Anu.
1199 1443 1222 1515 l,

127 1523 191 1574 ¹72.
214 1520 264 1593 tv,
286 1525 337 1579 21.
375 1520 470 1592 Quam
492 1517 664 1597 'praeclarus
695 1514 929 1589 oritor'lucrit‚
965 1518 1016 1596 qui
1045 1520 1146 1580 relicta
1167 1520 1225 1580 ‘itta

141 1608 243 1661 vetere
268 1600 355 1678 atque
383 1600 491 1658 directa
520 1598 634 1656 dicendi
657 1598 702 1656 via
729 1619 834 1656 novam
864 1598 1015 1679 ingressus
1047 1608 1108 1674 cst,
1137 1623 1225 1680 quam

142 1684 251 1738 nirenta
272 1691 437 1761 temporum
469 1681 599 1740 conditio
629 1691 658 1738 ct
688 1679 790 1736 mutati
819 1680 970 1738 hounmrm
993 1702 1090 1740 mores
1118 1695 1148 1741 ct
1176 1683 1224 1741 iu-

143 1760 216 1819 dicia
229 1763 425 1840 postularent,
447 1774 562 1841 practer
581 1762 714 1819 Tacitum
731 1761 853 1818 relatum
876 1761 997 1840 legimus
1020 1763 1104 1842 apud*
1118 1763 1224 1837 Quint.

143 1852 173 1900 et
196 1844 298 1903 Senec.
326 1841 469 1902 Controv.
491 1842 595 1916 Quint.
626 1844 663 1912 X,
694 1847 720 1915 1,
745 1847 811 1900 tte.
859 1844 957 1901 Malta
978 1848 1006 1901 si
1029 1864 1095 1903 eum
1116 1845 1228 1905 iudicio·

143 1924 278 1998 legator,
314 1925 397 1982 data
426 1928 597 1983 imitatione
631 1923 721 1996 digua
758 1923 886 1983 Cassios
914 1926 1055 1999 Severus,
1094 1929 1162 2005 poi,
1198 1929 1226 1984 si

144 2003 249 2063 ceteris
277 2007 587 2075 ‹›trtutites,‹:0l0rem
617 2014 647 2061 et
677 2009 854 2078 gravitatem
885 2010 1027 2063 orationis
1055 2006 1221 2080 adiecisset,

123 2088 291 2164 ,ponendas
311 2092 387 2145 inter
404 2091 579 2166 praecipuos
590 2083 682 2162 sodet.
721 2085 801 2145 Ναιη
822 2096 851 2143 et
877 2089 986 2160 ingenii
996 2089 1155 2165 plurimum
1178 2097 1222 2146 est

91 2230 94 2236 A
143 2170 174 2224 io
203 2187 236 2226 eo
266 2178 295 2225 et
321 2169 470 2226 acerbitas
498 2171 575 2224 mira
605 2176 633 2223 et
654 2167 807 2224 urbanitas
836 2171 897 2224 eius
920 2174 1057 2239 summa,
1088 2170 1142 2226 sed
1158 2171 1225 2248 plus
1310 2194 1314 2203 ¹

142 2250 297 2305 stomacho
318 2270 407 2330 paam
430 2250 548 2306 consilio
573 2247 662 2304 dedit.
704 2247 869 2304 Praeterea
892 2258 923 2305 at
944 2240 1158 2323 (zozommim,
1180 2253 1224 2308 ita

135 2326 310 2410 frequenter·
324 2330 493 2389 amaritudo
510 2333 575 2408 ipsa
592 2329 719 2385 ridicula
736 2339 786 2387 est.
814 2330 915 2387 Scaea.
926 2330 1064 2408 Excerpt.
1078 2327 1223 2390 Controv.

143 2411 190 2466 lll.
213 2411 302 2490 praef.
323 2433 351 2491 p.
373 2416 431 2469 395
451 2433 493 2488 sq.
517 2411 581 2488 tttp.
625 2410 735 2467 (traete
755 2413 817 2466 eius
838 2420 904 2467 erat
926 2411 1159 2483 valensfoulta,
1179 2415 1224 2469 ia*

141 2492 388 2576 geretidusspleaa
415 2495 586 2549 sententiis(
619 2490 714 2549 Nemo
743 2494 837 2553 minas
853 2511 967 2570 passas
995 2501 1039 2548 est
1061 2491 1174 2572 aliquid
1191 2496 1223 2550 ia
1257 2543 1262 2546 ,

143 2576 258 2631 ato'me
278 2594 333 2630 sua
354 2576 442 2631 otiosi
462 2594 541 2646 esse,
564 2572 646 2628 arella
663 2592 737 2650 pars
758 2581 841 2644 erat,
863 2592 938 2652 quae
959 2593 1015 2629 non
1036 2592 1092 2629 saa
1115 2576 1221 2631 virtute
1244 2636 1248 2653 .

143 2662 255 2724 staret,
277 2655 359 2726 uidit,
380 2658 417 2732 ire
431 2675 486 2735 pao
508 2653 628 2710 auditor
646 2656 708 2710 siae
730 2652 838 2719 daurno
858 2652 942 2709 aliud
961 2663 1091 2725 ageret>
1116 2653 1224 2710 Omnia

143 2737 256 2791 intenta
284 2737 381 2816 aliquo
405 2737 554 2813 petentia,·
574 2738 667 2791 ‘neruo
697 2737 793 2806 magis
819 2737 848 2790 iu
873 2754 928 2790 sua
946 2736 1094 2811 potestate
1122 2734 1226 2792 habuit

143 2814 325 2873 audientium
354 2813 488 2892 assectas.
511 2851 548 2863 -
604 2816 708 2871 Verum
731 2816 894 2894 eloquentia
924 2815 1097 2887 eiasdoage
1127 2819 1226 2872 maior

144 2905 210 2953 erat
239 2918 324 2977 quam
356 2897 452 2954 lectio.
473 2930 511 2941 --
565 2894 701 2953 Primam
731 2894 901 2953 tantundem
932 2904 999 2952 erat
1034 2899 1064 2952 in
1098 2896 1224 2968 homine,

144 2985 282 3058 quantum
312 2981 341 3034 in
370 2981 504 3051 ingenio:
535 2979 667 3054 corporis
695 2976 866 3049 magnitudo
891 2970 1065 3056 conspicua,
1089 2981 1226 3039 suavitas
1285 2990 1294 2995 “

145 3058 360 3116 valentissimae
381 3063 478 3116 oecis.
496 3089 531 3101 -
584 3056 699 3114 Deinde
721 3061 802 3136 ipsa,
834 3077 908 3136 quae
936 3058 1068 3127 dicebat,
1100 3059 1225 3115 meliora

8 3150 20 3173 ·
117 3146 230 3196 -er'attt
248 3158 335 3221 paam
351 3138 595 3221 quaeseribebat.
639 3139 689 3193 Vir
709 3141 783 3193 enim
799 3141 965 3214 praesentis
988 3136 1082 3198 animi
1109 3146 1139 3195 et
1159 3158 1224 3194 ma·
1265 3140 1269 3150 “

143 3222 216 3277 ioris
242 3223 361 3295 ingenii,
375 3241 462 3299 qaam
490 3216 583 3275 studii
607 3220 709 3290 magis
730 3217 868 3295 placebat
900 3220 929 3273 in
957 3218 1017 3287 tis,
1044 3237 1119 3297 qaae
1148 3222 1226 3275 inee-

142 3299 244 3358 rtiedat
269 3322 357 3381 quam
381 3320 456 3380 quae
485 3298 642 3356 attulerat:
687 3297 753 3355 Iam
776 3318 841 3353 aero
870 3300 964 3354 iratus
985 3298 1162 3355 commodius
1180 3298 1226 3355 di·
1290 3318 1321 3375 Ἰ

145 3379 239 3436 cebet.
261 3415 300 3427 -
344 3380 406 3437 Una
428 3380 475 3436 die
493 3380 593 3459 piures
610 3382 745 3457 privatas
768 3377 894 3450 agebat,
915 3409 956 3435 «ε-
982 3377 1143 3457 publicane
1159 3396 1225 3436 aero
1281 3400 1286 3421 ¹

144 3480 292 3540 utinquam
313 3460 439 3539 amplias
459 3480 546 3543 qoam
569 3479 657 3517 atzam
679 3479 735 3516 aaa
757 3458 811 3514 die.
852 3456 916 3516 Nee
939 3467 1037 3515 tamea
1057 3462 1120 3516 seio
1141 3480 1227 3540 prtem
1255 3519 1261 3524 ,

144 3561 227 3598 reum
255 3542 300 3598 illi
327 3540 481 3618 defendere
510 3542 568 3609 nisi
593 3560 624 3597 se
657 3536 934 3613 eontigerit:'adeo
959 3559 1109 3618 autequam
1132 3542 1223 3598 allam
1312 3530 1346 3563 ”³⁶

146 3625 304 3680 materiam
325 3621 444 3679 dicendi
462 3623 520 3678 nisi
535 3622 675 3700 periculis
694 3623 755 3677 suis
776 3619 887 3676 doluit.
930 3615 1104 3678 Celebratur
1133 3619 1227 3680 Cassii

144 3701 289 3760 accusatio
312 3699 345 3761 C.
366 3700 457 3760 Nonii
477 3701 668 3780 Asprenatis,
689 3699 822 3759 veneficii
843 3698 902 3771 rei,
925 3699 977 3758 scd
998 3699 1050 3757 filii
1059 3702 1070 3771 ’,
1093 3722 1153 3758 uon
1174 3722 1226 3781 poa

144 3782 216 3854 tris,
240 3802 325 3861 quem
348 3782 477 3840 defendit
496 3781 619 3840 'Asinius
640 3781 735 3840 Pollio
756 3779 798 3860 (v.
821 3780 990 3839 Wciclrert.
1011 3780 1028 3837 l.
1050 3781 1069 3837 l.
1090 3803 1118 3861 p.
1144 3782 1226 3861 197.)

145 3861 278 3921 instituta
299 3866 366 3922 745.
384 3866 428 3921 «ΙΙ.
451 3861 484 3922 C.
509 3858 740 3921 ‘CtWeicheru
759 3863 829 3918 Ero.
852 3862 873 3918 l.
894 3863 929 3920 de
953 3857 987 3920 C.
1008 3862 1084 3923 Non.
1113 3864 1226 3942 Aspre-

144 3955 211 4002 nate
231 3966 259 4038 p.
280 3949 337 4003 301
361 3966 403 4022 sq.
427 3931 491 4002 'De
511 3941 615 4002 Cassio
635 3944 748 4002 Severo
770 3941 975 4001 rd.Ecksteie.
992 3941 1022 3999 in
1039 3943 1093 4000 Ed.
1111 3943 1227 4003 Walth.

144 4025 271 4105 Madvig.
294 4025 422 4106 Opuscc.
438 4025 517 4083 acad.
538 4046 566 4104 p.
577 4054 580 4061 ·
591 4030 636 4082 17.
661 4023 768 4082 eutr.
786 4021 900 4081 Schott.
920 4023 957 4081 de
982 4022 1048 4080 clar.
1065 4044 1107 4103 ap.
1124 4025 1227 4084 Senec.

32 4166 55 4179 ἱ,
144 4103 256 4164 rhetor.
301 4109 388 4166 .404
411 4128 424 4165 s
448 4150 454 4162 .
476 4107 588 4187 Meyer.
608 4105 710 4186 fragm.
732 4114 818 4162 oratt.
837 4125 865 4182 p.
887 4109 946 4163 225
970 4125 1013 4181 sq.
1034 4104 1169 4164 Bonnell.
1190 4105 1226 4165 (le

71 4178 72 4185 '
144 4196 217 4244 mut.
242 4129 297 4246 sui
318 4187 403 4269 prim.
425 4128 539 4248 gaasar.
561 4185 638 4266 eloq.
658 4187 746 4274 Rom.
765 4184 878 4251 condic·
899 4206 928 4266 p.
951 4190 970 4244 7
991 4204 1036 4264 sq.

1182 4302 1199 4332 Χ
