2970 4808
158 268 181 325 ’,
267 250 331 317 118
588 255 746 338 Dialogus
765 244 805 317 'ai
828 255 1012 318 Oratoribus

265 408 364 480 Bruti
384 391 427 481 ait
454 408 646 501 Ciceronem
673 407 792 480 missas
815 406 990 507 epistolas,
1025 426 1064 480 etr
1093 396 1218 505 quibus
1245 407 1351 484 facile

209 583 217 592 ,
267 523 318 580 est
338 504 608 610 deprehendere,
644 505 780 580 Calvum
805 507 941 605 quidem
973 506 1125 601 Ciceroni
1155 506 1263 578 risum
1288 533 1353 579 exa

271 672 332 734 lnd.
362 675 416 734 Ed.
444 671 562 751 Walth.
589 672 658 733 vot.
683 675 734 733 lV.
758 686 795 756 p.
825 676 895 735 426.
950 672 1122 754 Exemplum
1152 673 1267 735 mulus.
1295 695 1349 743 rr,

271 754 400 837 Atticus'
414 767 442 815 et
470 760 604 837 antiquus
632 754 749 815 exhibet
778 756 903 816 Gesner.
932 757 966 814 ad
995 759 1097 836 Veget.
1118 757 1155 814 R.
1178 757 1348 829 11.11,-17;

265 837 313 896 tlt
331 836 423 895 maius
444 836 513 895 huic
536 836 730 895 emendationi
756 838 872 917 pondos
888 835 984 908 galleci
1006 836 1112 910 Quini.
1133 838 1198 910 Xll,
1222 841 1270 909 to,
1296 838 1348 898 14.

239 964 252 979 2,
270 916 434 998 Praecipue
456 939 521 975 uero
540 928 708 999 presserunt
728 940 794 978 euru¹
814 920 870 999 (M.
890 916 1052 995 Tullium),
1081 921 1131 998 qui
1152 918 1246 975 uideri
1264 916 1350 975 Aut·-

269 1014 370 1058 'cornm
396 1002 562 1058 imitatores
581 1004 796 1079 concupierant.
840 1001 885 1057 Ex
915 1012 973 1077 qun
995 1019 1118 1057 numero
1146 998 1202 1059 luit
1222 997 1348 1057 Asinius

270 1079 379 1153 Pollio,
400 1078 552 1139 Ciceronis
574 1079 766 1153 obtrectator,
786 1079 836 1158 qni
857 1080 966 1161 patiter
984 1100 1016 1138 ac
1032 1081 1162 1153 Brutus,
1183 1076 1291 1139 Calvus
1310 1079 1348 1139 al.
1422 1138 1435 1153 ,
1468 1076 1469 1139 1

271 1160 402 1220 Atticum
431 1161 545 1220 dicendi
565 1182 664 1242 ¹genus
686 1160 870 1241 potissimum
890 1160 1091 1231 imitabantur,
1121 1159 1160 1218 ita
1181 1172 1276 1218 tamen
1299 1170 1350 1234 ut,

272 1263 345 1321 qnae
365 1241 486 1301 meliora
508 1241 538 1300 in
560 1240 667 1302 atticis
684 1254 798 1315 essent,
819 1243 915 1301 minus
936 1241 1061 1300 feliciter
1078 1240 1273 1314 imitarentur,
1294 1239 1350 1300 sed

272 1323 443 1396 exilitatem,
466 1310 644 1382 ieiunitatem
666 1336 695 1383 et
716 1323 873 1383 siccitatem
894 1333 1164 1403 consequerentur,
1186 1343 1270 1401 quam
1293 1319 1348 1380 Ci-

270 1398 341 1462 cero
369 1404 558 1484 reprehendit
585 1406 668 1462 Brut.
698 1411 749 1483 82,
771 1409 838 1462 284.
882 1404 943 1477 Qui
969 1403 1044 1463 licet·
1064 1403 1181 1462 Atticos
1212 1415 1349 1462 oratores

271 1485 400 1580 optimos
421 1485 639 1562 imitationeque
662 1485 849 1567 dignissimos
866 1484 996 1558 baberet,
1016 1495 1111 1543 tamen
1129 1480 1249 1542 mediam
1264 1481 1350 1562 quasi

176 1591 195 1636 j
270 1585 346 1624 riam
374 1566 452 1623 iuter
478 1566 646 1624 Atticorum
675 1566 847 1625 tenuitatem
876 1578 906 1624 et
934 1566 1115 1624 Asianorum
1143 1564 1350 1625 abundantiam

268 1645 422 1727 ingressus
443 1658 499 1719 est,
519 1658 552 1704 ut
573 1647 728 1725 utriusque
750 1646 887 1706 dictionis
902 1645 1107 1726 praestantiam
1128 1645 1253 1705 dicende
1274 1666 1349 1705 con-

163 1800 167 1807 «
192 1772 195 1779 .
269 1739 454 1806 sequeretur.
495 1725 540 1786 cf.
569 1729 734 1785 Westerm.
762 1729 800 1787 G.
826 1727 854 1785 d.
883 1750 905 1784 r.
928 1729 961 1786 11.
994 1727 1020 1807 §⁸
1042 1732 1090 1785 55.
1128 1725 1189 1787 Cic.
1220 1728 1256 1786 de
1287 1738 1349 1806 opt.

251 1829 337 1889 ⁴gom
353 1829 396 1866 or.
412 1829 455 1887 cp.
470 1813 488 1864 3
502 1819 531 1866 et
541 1812 581 1882 4,
602 1809 681 1866 unde
703 1808 772 1867 haec
784 1792 1022 1887 transscribam‘e
1035 1806 1062 1888 ᾗ.
1077 1812 1121 1867 11.
1144 1807 1246 1888 Quare
1258 1829 1350 1889 quorr-
1380 1824 1384 1831 '

198 1954 205 1967 s
270 1893 333 1947 iarn
355 1890 555 1951 nonnullorum
581 1909 676 1949 sermo
697 1894 758 1947 iam
778 1891 935 1961 increbuit,
964 1893 1076 1968 partim
1094 1909 1131 1948 <se
1150 1893 1227 1969 ipsos
1246 1888 1347 1949 Attice

271 1970 388 2043 dicere,
414 1973 525 2050 partim
554 1974 697 2028 neminem
725 1981 853 2029 nostrum
881 1970 994 2028 dicere:
1024 1970 1140 2034 alteros,
1158 1972 1349 2043 negligamus.

271 2050 298 2132 ᾖ.
318 2055 362 2109 13.
402 2050 451 2108 Ero
470 2071 524 2131 quo
539 2052 720 2124 intelligitur,
738 2054 873 2132 qnoniam
890 2051 1074 2109 Graecorum
1092 2068 1241 2110 oratorum
1258 2070 1352 2130 prae-

270 2134 446 2190 stantissimi
467 2141 534 2188 surrt
553 2134 592 2204 ii,
612 2137 662 2212 qui
674 2131 797 2208 ,luerunt
810 2132 952 2204 Athenis,
976 2153 1076 2190 eorum
1098 2136 1197 2190 autem
1216 2135 1350 2213 princepe

262 2212 360 2291 focile
372 2212 599 2271 ilementlrenes:
621 2214 696 2270 irone
716 2217 816 2295 siquis
836 2218 976 2285 imitetur,
1001 2235 1065 2270 cum
1089 2223 1118 2272 et
1133 2213 1231 2271 Attice
1253 2212 1351 2271 clieta·

222 2326 226 2333 ·
271 2314 338 2352 rum
365 2303 396 2350 et
417 2296 542 2372 optime,
574 2302 621 2364 ut,
652 2297 787 2373 quoniam
815 2295 912 2354 Attici
939 2295 1021 2353 nobis
1035 2297 1187 2375 propositi
1212 2304 1279 2352 sunt
1309 2291 1352 2350 ad

271 2373 464 2443 imitandum,
493 2373 683 2431 benedicere
710 2375 743 2431 ici
763 2380 801 2434 sit
828 2375 929 2453 Attice
957 2374 1063 2433 dicere.
1102 2374 1190 2432 Tusc.
1209 2376 1244 2448 11,
1269 2377 1298 2446 1,
1322 2379 1350 2435 3,.

273 2455 357 2515 Orata
379 2474 423 2532 cp.
446 2457 568 2526 7-9.,
597 2455 675 2513 unde
704 2454 762 2514 huc
788 2455 978 2515 transcribam
999 2476 1015 2514 e
1036 2475 1080 2534 cp.
1100 2461 1129 2526 7,
1151 2461 1200 2513 23.
1248 2453 1352 2535 Itaque

273 2536 356 2594 nobis
376 2534 512 2593 monendi
529 2543 596 2592 sunt
611 2538 654 2607 ii,
683 2557 807 2613 quorum
826 2557 933 2596 sermot
948 2540 1098 2617 imperitus
1119 2535 1276 2613 increbuit,
1304 2537 1353 2616 qui

272 2626 327 2675 aret
343 2615 405 2677 dici
424 2635 455 2672 se
476 2615 647 2674 desiderant
674 2615 806 2689 Atticos,
836 2629 889 2675 aut
916 2621 973 2697 ipsi
998 2617 1096 2675 Attice
1125 2617 1220 2676 uolunt
1246 2615 1353 2684 eiicere,

166 2709 172 2720 ’
273 2691 308 2756 ul
332 2699 484 2755 mirentur
504 2696 580 2753 iuno
606 2695 869 2778 (Demosthenem)
898 2701 1045 2769 monime,
1074 2718 1129 2778 qno
1157 2718 1192 2755 ne
1218 2695 1353 2755 Athenas

272 2777 387 2860 quidem
408 2781 489 2857 ipsas
508 2780 604 2850 magis
621 2778 709 2842 eredo
730 2777 826 2855 fuisse
840 2780 972 2837 Atticos.
1016 2765 1101 2857 Quid·
1115 2764 1256 2836 animati
1270 2777 1352 2836 Atti-
1437 2785 1441 2789 ’

272 2879 352 2930 curn,
383 2857 500 2915 discant
527 2859 773 2940 eloquentiamque
799 2863 891 2937 ipsius
919 2859 1045 2932 stritus,
1074 2880 1130 2918 non
1153 2858 1353 2919 imbecillitate

272 2959 329 2997 suo
350 2942 525 2997 metiantur.⁴
546 2939 637 3018 Ecp.
663 2944 690 3008 9,
713 2946 761 3016 28.
801 2939 914 3003 Putant
935 2943 1026 3011 enim,
1054 2943 1104 3019 qui
1122 2939 1241 2998 horride
1261 2940 1352 2999 ineol-

273 3023 359 3099 te'que
379 3019 475 3093 doec,
492 3019 577 3094 mocio
597 3020 630 3077 ici
640 3022 794 3098 *eleganter
816 3022 1016 3101 enucleateque
1029 3018 1149 3097 sociat,
1171 3041 1237 3080 eum
1258 3021 1352 3079 solum

191 3172 195 3179 ¹
273 3103 372 3162 Attice
395 3100 498 3159 dicere.
526 3100 617 3179 Ecp.
633 3106 663 3174 9,
679 3107 726 3160 29.
766 3100 880 3173 Oroete
903 3122 969 3159 oero
987 3111 1019 3161 et
1038 3105 1170 3174 grauiter
1191 3110 1220 3159 et
1241 3104 1353 3184 copiose

275 3181 373 3240 dicere
396 3192 451 3239 out
469 3180 628 3241 Aticorum
649 3186 706 3257 sit,
732 3192 784 3239 aut
801 3202 838 3239 ne
856 3186 896 3241 sit
915 3178 1162 3249 Aeschrionem
1178 3180 1353 3241 Demosthe-

275 3277 327 3321 n'es
348 3261 475 3333 Atticus,
517 3260 558 3320 lb.
579 3269 693 3341 cpr23.
730 3263 817 3321 Brut.
838 3266 887 3344 cp(
904 3265 1051 3323 82-84.
1092 3263 1246 3321 Praeterea
1272 3282 1353 3322 com-

276 3343 422 3425 probatur
452 3342 521 3403 haec
550 3343 714 3403 emendatio
743 3343 858 3403 duobus
889 3342 962 3402 locis
992 3342 1066 3402 Dial.
1088 3364 1131 3424 cp.
1156 3347 1203 3402 18.
1232 3354 1260 3402 et
1304 3362 1353 3402 nos

276 3429 390 3485 utinam
412 3435 466 3483 etc.
488 3435 518 3482 et
539 3444 583 3503 cp.
604 3430 654 3483 22.
692 3424 782 3486 Nam*
796 3428 911 3506 priores
927 3413 992 3483 eins
1014 3429 1163 3482 orationes
1182 3434 1237 3483 etc.
1285 3367 1353 3484 llno

243 3528 245 3534 ¹
276 3505 375 3565 resero
390 3506 493 3565 Senes.
510 3501 702 3563 Controu'L.
713 3507 749 3562 V.
763 3526 791 3586 p.
801 3511 869 3564 362.
891 3503 957 3584 Bip.
975 3504 1011 3564 de
1027 3504 1131 3563 Asinio
1146 3504 1281 3564 Pollione
1293 3502 1354 3564 Cio

276 3586 485 3646 obtrectatore.
523 3585 660 3658 Asinius,
689 3590 740 3665 qui
765 3587 871 3646 beilum
902 3606 966 3645 cum
981 3587 1120 3645 'omnibus
1139 3585 1250 3644 Atticis
1268 3604 1353 3659 gere·

277 3667 344 3740 tet,
363 3689 451 3747 quum
473 3666 597 3724 donaret
617 3668 664 3724 illi
683 3666 800 3724 Caesar
818 3668 977 3737 talentum,
1005 3670 1034 3724 in
1055 3687 1111 3746 quo
1130 3666 1206 3726 XIV
1217 3669 1354 3726 sestertia

239 3784 241 3789 ,
276 3758 344 3806 sunt
369 3746 588 3806 Atheniensium
617 3767 716 3820 ruore,
749 3749 769 3817 ἢ
797 3750 929 3824 necron,
963 3752 1057 3821 penti,
1084 3749 1105 3819 ri
1131 3747 1228 3825 ἄφελε,
1258 3755 1300 3807 ire
1317 3750 1355 3822 psi

279 3832 396 3894 Ἀιιικὸς
418 3817 458 3899 ᾖς.
500 3829 581 3907 Ergo
602 3826 652 3884 isti
666 3827 757 3886 Attici
778 3842 911 3887 oratores
927 3826 1144 3902 homanorum,
1167 3829 1217 3908 qui
1231 3840 1353 3909 auguste

280 3920 311 3969 et
330 3906 446 3967 exiliter
466 3917 495 3964 et
517 3907 593 3966 sicco
614 3904 763 3982 dicebant,
784 3907 958 3969 Ciceronem
972 3908 1225 3989 reprehendebant
1245 3928 1305 3968 non
1321 3920 1354 3967 ut

278 3989 386 4070 parurn
407 3991 577 4067 antiquum,
606 3988 657 4047 sed
678 4001 711 4047 ut
736 4010 844 4068 porum
864 3988 1016 4061 Atticum,
1047 4011 1137 4069 quum
1158 3989 1290 4049 Atticum
1311 3988 1356 4048 di·⁴

282 4069 366 4130 cendi
386 4088 480 4149 genus
503 4088 561 4130 nou
582 4067 613 4125 in
633 4069 762 4129 exilitate
783 4082 813 4129 et
832 4069 963 4131 siccitate
976 4082 1007 4128 et
1026 4070 1176 4129 ieiunitate
1195 4083 1226 4133 et
1246 4069 1352 4154 inopia,

196 4174 200 4175 ’
283 4151 332 4210 sed
353 4150 510 4208 inornatu
525 4160 564 4210 -et
583 4150 776 4229 gravimeet
793 4150 1039 4230 copiarorationis
1060 4162 1193 4231 poneret.
1246 4170 1259 4195 ·³
1339 4172 1343 4197 ³
