2970 4808
572 280 650 365 etp.
673 281 802 345 uuirt
873 312 883 343 .·
944 248 950 261 “
1008 244 1011 249 ’
1146 287 1221 358 ,109

142 443 381 517 vocaverimus.
434 440 523 512 Sunt
547 418 635 510 enim
657 436 786 511 horridi
811 453 844 510 et
861 435 1049 538 impolitict
1068 433 1173 511 rudes
1187 453 1220 512 et

137 540 304 615 informes
331 556 363 613 et
387 565 473 637 quos
497 537 625 611 utinam
650 562 692 609 ne
710 537 744 606 in
768 535 824 608 illa
847 553 942 636 parte
962 537 1108 609 imitatus
1130 551 1220 610 esset

139 708 260 784 socius,
287 706 427 768 triumvir
444 704 520 788 agris
546 702 712 764 dividundis
740 724 807 763 cum
831 699 864 762 C.
886 703 1022 764 Graccho
1051 716 1081 764 et
1099 703 1217 780 Fulvio,

138 802 245 849 auctor
266 788 338 869 legis
360 787 491 868 Papiriae
514 787 549 845 de
578 785 705 844 tribunis
725 784 891 844 reficiendis
921 797 952 844 et
975 785 1078 845 tertiae
1097 786 1218 846 tabella-

72 904 80 911 ·
138 869 218 944 riae,
248 882 317 950 post
347 881 512 949 praeturam
540 888 555 924 a
585 868 652 925 629.
683 877 793 947 gestam
824 864 927 927 consul
961 879 1074 926 creatus
1105 870 1172 926 634.
1202 887 1219 928 a

138 950 225 1047 plebe
245 938 284 1011 ad
309 950 461 1029 optimates
485 945 591 1006 defecit
617 946 748 1025 adeoque
776 946 809 1002 L.
833 944 1003 1024 Opimium,
1032 930 1065 1008 O
1086 946 1215 1007 Gracchi

137 1031 377 1105 interfectorem,
404 1048 550 1110 prospero
573 1048 711 1087 successu
741 1025 878 1085 defendit.
928 1027 988 1086 Sed
1017 1048 1034 1085 a
1063 1029 1095 1086 L.
1124 1028 1217 1088 Licin.

139 1110 249 1172 Crasso
271 1123 434 1185 accusatus,
454 1122 489 1168 ut
506 1119 616 1183 certam,
629 1107 900 1168 condemnationem
920 1107 1076 1190 effugeret,
1097 1108 1216 1169 cantha-

138 1193 217 1252 ridas
239 1192 370 1272 sumpsit.
411 1189 595 1250 Praeclarum
622 1209 688 1248 eum
717 1187 984 1275 fnisse‘oratorem
1015 1200 1045 1248 et
1064 1211 1217 1250 causarum

137 1285 310 1353 patronum,
340 1273 393 1332 sed
409 1272 481 1331 iuris
504 1271 660 1352 legumque
679 1290 741 1328 non
759 1269 914 1329 admodum
933 1269 1060 1353 peritum
1079 1282 1214 1331 testatur.

138 1351 200 1414 Cic.
222 1355 258 1413 de
279 1352 361 1413 Orat.
382 1355 405 1428 l,
429 1359 477 1426 10,
498 1358 547 1415 40.
568 1361 597 1410 et
619 1356 670 1421 27,
693 1354 760 1410 105.
802 1350 909 1422 Carbo,
930 1350 1008 1431 quud
1024 1354 1089 1410 'nita
1108 1373 1215 1435 suppe-

137 1435 254 1509 ditavit,
278 1437 367 1492 estin
390 1435 489 1493 multis
510 1432 626 1491 iudiciis
647 1434 953 1512 causisquecagnitus.
981 1430 1068 1489 Hune
1107 1438 1140 1491 ai
1155 1454 1216 1493 au-

137 1516 254 1574 dierunt
270 1515 428 1596 prudentes
449 1515 595 1584 domines,
616 1514 646 1569 in
665 1512 768 1591 quibus
778 1510 946 1590 familiaris
968 1522 1067 1570 noster
1085 1455 1120 1571 L
1144 1514 1216 1574 Get·
1268 1514 1271 1525 ¹

137 1598 211 1668 lius,
231 1600 330 1678 quise
352 1597 397 1655 illi
413 1593 646 1654 contubernalem
668 1595 698 1650 in
712 1594 864 1651 consulatu
875 1591 972 1670 fuisse
987 1594 1143 1664 narrabat,
1164 1615 1216 1653 ca·

136 1698 242 1736 norum
268 1686 417 1735 oratorem
447 1687 475 1734 et
506 1675 661 1733 volubilem¹
684 1683 713 1732 et
739 1677 815 1732 satis
835 1694 950 1746 acrem,
982 1685 1069 1755 atque
1092 1675 1215 1734 eundem

136 1768 166 1816 et
189 1759 380 1831 uehementem
410 1766 438 1815 et
467 1755 552 1815 ualde
572 1756 686 1812 dulcem
711 1764 741 1812 et
753 1753 936 1836 perfacetum
954 1751 1051 1832 fuisse
1079 1754 1213 1826 aicebat5

135 1838 268 1897 addebat
287 1834 461 1897 industrium
480 1840 569 1895 etiarn
601 1845 630 1893 et
650 1835 817 1909 diligentem
846 1845 875 1893 et
902 1839 931 1894 in
953 1838 1214 1896 exercitationibus

135 1921 480 2001 commentationibusque
501 1919 624 1976 multum
645 1937 752 1996 operae
771 1919 890 1975 solitum
912 1937 975 1976 esse
992 1937 1110 1996 ponere.
1152 1918 1213 1977 Hic

136 2005 263 2081 optimus
280 2002 339 2059 illis
358 2001 533 2081 temporibus
554 2008 597 2056 est
613 2009 759 2078 patronus
778 1997 913 2070 babitus,
944 2018 1032 2079 eoque
1044 1996 1147 2075 sarum
1168 2011 1212 2058 te-

136 2092 221 2139 nente
243 2084 333 2161 plura
351 2079 427 2159 fieri
453 2079 562 2139 iudicia
590 2089 752 2160 caeperunt.
795 2076 841 2138 Cf.
869 2077 997 2137 Ellendt.
1025 2078 1160 2163 Prolegg.
1183 2103 1212 2161 p.

134 2163 261 2222 XXXV.
280 2159 570 2221 Westerm.Gescl1.
588 2158 615 2218 d.
635 2181 659 2218 r.
675 2160 708 2217 B.
732 2157 762 2241 §,
779 2162 828 2219 41.
849 2159 962 2242 Meyer.
982 2160 1083 2241 fragm.
1105 2166 1211 2243 pilo.

216 2263 339 2325 quosque
367 2244 443 2302 alios
470 2245 573 2300 merita
600 2243 735 2321 antiquas
759 2237 969 2321 uocauerimus]
1012 2239 1105 2301 Codd.
1126 2245 1212 2302 Farn.

135 2322 246 2383 Vaticc.
268 2322 381 2382 Dronlt.
401 2334 431 2382 et
451 2344 530 2402 seqq.
558 2324 693 2402 antiquas
713 2324 817 2380 merito
838 2330 1095 2382 vocaremus'cett.
1117 2320 1211 2384 Codd.
1279 2356 1286 2362 -

68 2461 76 2479 ,
135 2413 168 2462 et
189 2403 281 2478 Edd,
305 2403 362 2462 nisi
382 2403 461 2482 quod
481 2425 497 2461 a
516 2404 633 2461 Broter.
654 2401 685 2460 in
706 2412 819 2461 annott.
839 2403 1070 2462 commendatum
1093 2424 1211 2464 nocare-

133 2487 227 2542 rimus
246 2483 464 2543 substituerunt
474 2484 539 2563 Bip.
561 2494 591 2541 et
606 2481 707 2542 Oberl.
727 2483 826 2541 Wolf.
849 2504 939 2542 verm.
960 2483 1080 2543 schrift.
1099 2506 1127 2564 p.
1142 2489 1210 2545 161.

134 2569 330 2624 oocaoerirnus
349 2565 474 2645 explicat
501 2584 606 2623 uocare
628 2563 712 2634 licet,
741 2563 828 2623 Bach.
849 2585 956 2624 vocare
984 2565 1129 2640 solemus,
1159 2566 1211 2644 qni

133 2645 170 2703 ad
188 2644 265 2704 Ann.
288 2648 311 2719 l,
335 2652 382 2705 76.
402 2644 531 2724 exempla
550 2644 624 2724 perf.
647 2644 795 2704 coniunct.
815 2644 935 2727 collegit
953 2645 1069 2704 laudato
1088 2647 1209 2707 Ramslr.

131 2724 162 2806 §-
188 2729 253 2785 164.
271 2733 301 2784 5.
320 2747 344 2786 a.
385 2725 457 2784 Eius
478 2726 595 2807 generis
615 2725 814 2800 attractionis,
834 2745 894 2805 qua
913 2747 949 2786 ex
970 2725 1125 2786 enunciata
1146 2727 1210 2807 pri-

132 2806 225 2864 mario
246 2826 353 2866 nomen
382 2806 415 2865 in
440 2805 644 2866 secundarium
672 2804 827 2886 relativum
856 2805 1051 2881 transfertur,
1079 2819 1114 2867 ut
1139 2808 1167 2866 h.
1189 2809 1209 2868 l.

132 2908 256 2969 quosque
277 2891 447 2965 aliusnon,
470 2898 586 2947 exstant
605 2907 648 2965 ap.
669 2885 760 2945 Tacit.
781 2891 858 2945 Anu.
881 2891 917 2959 11,
940 2889 988 2947 74.
1011 2890 1207 2949 consultatum
1269 2884 1273 2897 ⁴

132 2968 200 3025 inde
218 2971 296 3027 inter
315 2969 445 3042 legatos,
479 2972 580 3049 quique
601 2969 657 3025 alii
673 2977 840 3027 senatorum
862 2968 997 3027 aderant.
1016 2968 1093 3027 Hist.
1115 2971 1138 3044 l,
1159 2977 1209 3030 53.
1253 3034 1256 3039 ,

132 3057 163 3105 et
183 3047 302 3107 Treveri
320 3069 356 3108 aa
375 3050 539 3122 Lingones,
566 3068 693 3130 quasque
715 3050 794 3107 alias
821 3053 955 3107 nationes
981 3048 1080 3107 Galba
1100 3072 1209 3130 pereu-

132 3130 217 3187 lerat.
259 3128 305 3189 Cf.
325 3129 422 3189 Pabst.
445 3127 506 3187 Ecl.
528 3130 596 3188 Tac.
617 3150 646 3208 p.
668 3132 738 3185 309.
766 3129 885 3209 Kriiger
905 3129 1085 3188 Untcrsuclr.
1105 3152 1157 3190 aus
1179 3132 1207 3193 tl.

132 3208 207 3268 Geb.
230 3209 257 3267 d.
277 3210 338 3267 Lat.
359 3210 426 3288 Spr.
445 3211 526 3268 Fasc.
548 3211 594 3267 lll.
615 3231 643 3288 p.
667 3212 735 3268 179.
763 3208 851 3268 Bach.
873 3208 909 3267 ad
929 3211 1006 3266 Anu.
1026 3211 1106 3283 Xlll,
1124 3218 1152 3269 8.

212 3299 280 3346 sunt
307 3293 382 3347 enim
412 3289 529 3347 horridi
544 3323 584 3336 -
604 3285 760 3366 informes]
801 3289 848 3347 De
876 3288 977 3347 adiect.
1005 3288 1144 3353 horridus
1171 3292 1211 3353 cf.

131 3368 203 3427 Em.
225 3368 294 3426 Lex.
314 3369 412 3429 techn.
441 3369 495 3427 Gr.
523 3389 546 3425 s.
567 3389 595 3426 v.
645 3366 750 3426 Oratio
779 3379 809 3428 et
837 3368 965 3428 elocutio
995 3369 1119 3428 horrida
1151 3384 1207 3448 est,

131 3467 206 3528 qnae
226 3459 350 3506 nonest
370 3460 432 3509 arte
454 3458 564 3507 structa
585 3457 615 3506 et
636 3448 816 3527 composita,
844 3449 892 3508 cui
918 3449 1080 3543 ppponitur
1098 3450 1210 3553 nitens,

131 3528 265 3608 elegans,
291 3527 400 3607 polita,
430 3527 588 3588 luminibus
610 3539 640 3587 et
660 3528 1074 3590 ornatuoratorio'distincta
1101 3543 1130 3592 et
1150 3555 1207 3592 nu-

129 3627 253 3669 merosa.
294 3608 369 3667 Dial.
390 3615 439 3681 20.
466 3613 560 3668 tristis
579 3619 608 3666 et
636 3613 757 3690 impexa
780 3615 948 3691 antiquitas.
993 3610 1097 3685 Quint.
1116 3615 1154 3689 ll,
1175 3620 1207 3689 5,

128 3694 177 3749 23.
200 3689 283 3746 rudis
301 3692 417 3749 saeculi
429 3691 564 3771 squalor,
586 3691 664 3763 Vlll,
686 3695 716 3763 5,
738 3692 786 3750 34.
808 3702 887 3750 aetus
900 3693 1023 3763 bomar,
1045 3692 1084 3768 X,
1105 3700 1136 3769 2,
1159 3698 1206 3754 17.

129 3769 247 3833 barride
265 3775 575 3850 atque‘incamposite.
615 3767 676 3829 Cic.
707 3770 789 3831 Orat.
811 3774 863 3846 45,
887 3777 954 3831 152.
995 3768 1116 3833 Catonis
1138 3788 1209 3834 ora-⁴
1279 3768 1282 3775 ’

128 3848 223 3908 tiones
245 3850 418 3909 horridulae
445 3851 591 3910 dicuntur.
632 3851 746 3932 Synon.
767 3852 832 3910 rud.
853 3863 883 3912 et
902 3850 953 3929 infi
974 3852 1022 3911 vd.
1043 3855 1110 3913 Tac.
1130 3856 1206 3915 Dial.

127 3935 176 3990 20.
197 3929 267 3995 rudi
286 3941 438 3990 caemento
464 3943 494 3990 et
512 3928 682 4007 informibus
705 3934 819 4005 tegulis.
861 3933 940 3993 Anu.
959 3934 1025 4008 Xll,
1046 3939 1095 3993 35.
1117 3937 1206 3997 rudae

127 4018 156 4068 et
171 4010 310 4088 rnfhrmes
327 4032 472 4071 sanorum
494 4029 658 4149 eompffes.
852 4034 862 4099 p

210 4100 239 4149 et
256 4113 328 4172 quos
345 4097 459 4151 utinam
478 4095 578 4152 imitat
631 4108 667 4149 ne
686 4094 718 4150 in
737 4094 802 4169 illa,
814 4104 903 4175 parte
921 4090 1024 4173 lasset]
1052 4114 1127 4175 *quos
1147 4099 1207 4156 uti-

125 4188 198 4230 natm¹
216 4175 350 4245 imitatus
370 4184 447 4232 esset
477 4171 571 4233 Codd.
590 4172 655 4231 Par.
680 4170 766 4232 Vina
794 4186 866 4234 vett.
894 4174 983 4237 Ede·
998 4195 1070 4256 quos
1090 4180 1205 4237 utinam
