2970 4808
182 1680 188 1707 l

271 268 335 337 tat
599 267 758 348 Dialogus
778 252 818 326 de
843 265 1027 327 Oratoribus

264 426 368 526 petita
393 424 496 499 series
519 437 550 495 et
566 421 754 518 ¹multarum
777 417 976 493 divisionum
1001 418 1177 492 ostentatio
1202 434 1236 491 et
1256 416 1349 491 mille

265 541 536 620 argumentorum
571 519 717 616 gradus,
760 535 792 591 et
827 518 989 619 quiequid
1019 518 1111 590 aliud
1145 516 1346 588 aridissimis
1376 600 1378 607 .

264 624 490 718 Hermagorae
521 618 721 720 Apollodori
757 618 853 691 libris
880 618 1106 717 praecipitur,
1148 616 1184 686 in
1216 615 1353 719 honore.-

237 842 244 867 Ι
346 785 535 870 divisionum]
563 787 650 848 Bacla.
672 788 776 870 accipit
797 789 832 847 de
850 791 1026 869 partitione,
1058 806 1143 864 qnam
1164 785 1269 858 Quint.
1291 785 1345 860 IV,

230 871 239 935 l
262 876 293 946 5,
318 875 344 931 1.
364 872 407 932 sic
422 871 532 931 delinit.
572 867 704 930 Partitio
726 881 770 929 est
789 881 957 929 nostrarum
977 878 1031 926 aut
1049 868 1216 925 aduersarii
1230 882 1346 946 propo-

261 957 400 1012 sitionum
421 964 486 1012 aut.
501 962 692 1033 utrarumque
720 953 823 1010 urdine
838 953 963 1010 >collata
992 953 1192 1008 enumeratio.
1226 949 1267 1006 At
1298 947 1345 1005 di-

262 1033 588 1116 stingnitdivisionem
614 1055 629 1090 a
653 1033 810 1113 partitione
835 1035 871 1107 V,
895 1038 943 1103 to,
966 1036 1013 1088 63.
1062 1030 1214 1089 Diuisione
1242 1039 1344 1088 autern

261 1116 402 1174 adiuuari
416 1113 584 1193 finitionem
615 1115 700 1172 ducet
725 1134 850 1194 eamque,
869 1111 988 1189 differre
1016 1131 1036 1168 a
1054 1114 1231 1191 partitione:
1264 1108 1346 1190 'quod

261 1198 335 1256 haee
354 1200 401 1256 sit'
421 1201 510 1254 totius
540 1199 569 1252 in
588 1206 708 1274 partes,
738 1198 792 1253 illa
816 1199 932 1268 generis
960 1197 989 1250 in
1010 1189 1137 1269 formas.
1175 1194 1238 1261 att,
1262 1198 1290 1264 1,
1313 1197 1344 1249 2.
1397 1232 1400 1239 .

260 1280 308 1336 Sit
327 1281 418 1351 igitur
442 1309 477 1321 -
499 1277 601 1334 divisio
630 1274 728 1334 rerum
756 1278 883 1357 plurium
913 1280 942 1332 in
952 1275 1111 1345 singulas,
1134 1277 1258 1350 partitio
1279 1275 1341 1329 sin-

257 1360 397 1433 gularum
426 1363 456 1415 in
481 1368 584 1438 partes
609 1358 753 1430 discretus
780 1357 854 1415 ordo
890 1366 919 1414 et
945 1364 1031 1439 reeta
1057 1354 1205 1436 quaedam
1228 1356 1341 1421 ‘locatio

237 1441 406 1520 'prioribus
426 1442 577 1520 sequentia
599 1451 765 1498 annectens.
1326 1464 1331 1467 ·

342 1546 371 1594 et
390 1537 468 1594 mille
494 1544 732 1609 argumentorum
755 1533 887 1616 gradus]
915 1511 1019 1608 Quint.
1041 1535 1079 1605 V,
1101 1532 1220 1611 v10.'de
1251 1552 1340 1613 argna

187 1618 199 1669 ι’
258 1618 375 1676 mentis.
397 1615 424 1696 Q
448 1622 473 1676 1.
514 1617 598 1678 Nune
626 1617 663 1675 de
684 1621 873 1691 argumentis.
921 1617 987 1674 Hae
1015 1619 1090 1672 enim
1115 1619 1229 1672 numine
1258 1634 1340 1671 corn-

255 1701 414 1780 plectimur
433 1701 549 1769 omnia,
578 1718 652 1778 quae
682 1700 791 1757 Graeci
816 1700 1010 1772 ἐνθυμήματα,
1038 1698 1246 1772 ἐπιχειρήματα,
1268 1697 1340 1753 dno·

257 1785 350 1846 δαίξας
369 1788 490 1852 uocant,
511 1799 676 1859 quanquam
698 1780 778 1860 αμαιΙ
796 1781 861 1838 illus
882 1790 925 1837 est
944 1781 1045 1859 aliqua
1066 1778 1169 1836 ltorum
1191 1780 1339 1835 nursinum

259 1858 449 1937 differentia,
473 1863 592 1916 etiamsi
612 1864 652 1918 uis
672 1860 773 1918 eodem
795 1861 896 1918 tendit.
921 1859 953 1942 Q
978 1865 1023 1918 11.
1044 1877 1102 1934 -’-,
1124 1858 1339 1931 Argumentum

257 1939 333 2022 (est)
355 1932 433 1998 ratio
458 1941 661 2020 probationem
687 1952 863 2019 praestans,
892 1963 952 2024 qua
980 1942 1128 2013 colligitur
1155 1939 1267 2020 aliquid
1282 1958 1340 2018 per

256 2022 365 2094 aliud,
388 2030 417 2079 et
438 2041 531 2102 quae,
578 2022 636 2080 uod
654 2033 698 2081 est
725 2023 862 2095 dubium,
887 2042 943 2102 per
970 2022 1019 2094 iti,
1044 2022 1122 2101 quaid
1142 2020 1260 2078 dubium
1280 2040 1339 2078 nan

256 2113 317 2175 est,
347 2100 511 2183 corfirmat.
558 2046 628 2160 lxm.
658 2104 726 2161 Lex.
754 2104 852 2162 techa.
883 2105 943 2162 Lat.
966 2126 988 2162 s.
1010 2123 1037 2160 v.
1060 2135 1101 2144 —-
1140 2100 1338 2174 Argumentu-

256 2206 322 2243 rum
341 2178 459 2258 gradus
475 2184 504 2261 (a
525 2181 755 2263 Lipsetseqq.
778 2195 884 2262 recept.
907 2204 961 2263 pro
981 2203 1093 2255 genera
1111 2182 1140 2239 in
1163 2180 1255 2241 Codd.
1270 2184 1335 2240 Par.

256 2265 344 2324 vind.
366 2276 437 2322 vett.
459 2264 531 2321 Edd.
559 2265 590 2322 it.
613 2265 727 2323 Dronk.
751 2262 878 2341 Osann.)
910 2264 1081 2335 velgcursus
1103 2261 1153 2343 (cl.
1175 2263 1248 2321 Dial.
1270 2259 1336 2338 20.)

254 2357 289 2405 nt
310 2343 566 2424 explicat·0rell.,
601 2346 765 2414 exsistunt,
795 2367 884 2423 quum
915 2366 951 2404 ex
971 2345 1041 2404 artis
1065 2343 1228 2402 rhetoricae
1249 2362 1336 2422 prae-

255 2426 440 2506 ceptionibus
461 2427 639 2505 argumentis
665 2426 826 2486 levi0ribns
855 2428 927 2485 scite
954 2426 1116 2488 succedunt
1135 2425 1269 2506 graviora
1289 2434 1336 2482 at-

254 2528 312 2589 que
334 2507 365 2565 in
384 2527 516 2565 nmmum
536 2506 709 2588 gravissimo
733 2508 892 2567 desinimus
914 2506 1118 2588 argumentari.

336 2614 365 2662 et
394 2603 533 2685 quiequid
561 2605 645 2662 aliud
672 2606 848 2664 aridissimis
871 2642 908 2652 -
930 2605 1022 2680 libris]
1068 2603 1157 2661 Aridi
1184 2601 1278 2682 (ξηροί
1295 2635 1334 2649 w-

165 2674 175 2684 ’
253 2687 344 2743 ieiuni
360 2719 398 2730 -
416 2684 501 2763 siuti)
521 2685 590 2742 libri
612 2685 760 2758 dicuntur,
781 2687 830 2764 qni
843 2685 914 2744 nihil
931 2685 985 2744 nisi
1005 2685 1080 2742 nuda
1096 2692 1247 2763 praecepta
1260 2705 1334 2743 eon-

149 2798 152 2811 «
252 2765 365 2838 tinent,
388 2764 496 2845 quique
515 2766 596 2823 omui
617 2768 759 2824 orationis
777 2767 876 2825 nitore
890 2766 1022 2825 destituti
1043 2765 1183 2823 lectorem
1201 2785 1262 2823 non
1280 2764 1333 2823 de-

252 2843 370 2903 lectant.
413 2844 474 2921 Cic.
492 2846 532 2920 ,de
555 2845 637 2905 Orat.
658 2850 692 2905 ll.
716 2853 765 2918 38,
790 2852 857 2906 159.
893 2849 991 2905 Genus
1006 2850 1147 2907 sermonis
1168 2843 1258 2923 affert
1274 2867 1333 2903 non

251 2926 404 3006 liquidum,
427 2948 483 2984 non
495 2924 597 3004 fissum
620 2947 657 2985 aa
674 2929 836 3008 profluens,
857 2929 912 2986 sed
931 2931 1017 2999 exile,
1038 2927 1167 2999 aridum,
1188 2930 1332 2985 concisum

251 3025 291 3065 aa
312 3010 463 3064 minutum.
514 3007 618 3080 Quint.
637 3009 673 3076 ΙΙ,
694 3011 724 3080 4,
743 3015 770 3068 3.
791 3011 879 3068 arida
900 3013 1043 3068 narratio·
1065 3010 1114 3079 ΙΙΙ,
1139 3013 1166 3081 1,
1184 3012 1211 3065 3.
1231 3010 1333 3065 ieiuna
1430 3028 1439 3039 ‘

249 3099 339 3168 atque
360 3088 450 3146 arida
473 3089 605 3148 traditio.
644 3089 836 3149 Transfertur
861 3090 964 3149 aridus
987 3088 1026 3148 'ad
1056 3099 1331 3167 oratores-quoqne
1359 3090 1366 3098 ⁴

217 3234 219 3239 y
249 3168 314 3241 Xll,
340 3174 388 3239 10,
414 3174 459 3227 13.
487 3169 541 3227 Ille
562 3180 661 3227 tamen
683 3167 830 3249 (Cicero),
853 3175 905 3251 qui
924 3175 1036 3230 ieiunus
1056 3191 1076 3227 a
1091 3169 1263 3250 pur'lusdam
1280 3179 1330 3226 at-

248 3270 301 3330 que
326 3249 630 3323 aridus'ltadedatur,
660 3272 717 3310 non
746 3254 835 3309 aliter
864 3252 902 3309 ab
930 3256 1000 3330 ipsis
1022 3255 1148 3308 inimicis
1175 3251 1254 3309 mala
1273 3269 1330 3308 au-

249 3329 313 3389 dire
335 3352 422 3412 quam
444 3334 542 3390 nimiis
553 3332 683 3412 floridus
703 3342 733 3390 et
753 3335 864 3406 ingenii
882 3329 1036 3414 affluentia
1054 3335 1157 3412 poluit.

339 3430 563 3513 Hermagorae]
591 3434 691 3508 Quum
720 3434 780 3493 dno
807 3435 918 3495 fuerint
944 3435 1151 3509 Hermagorae
1179 3433 1328 3507 rhetores,

249 3512 308 3592 quis
322 3512 466 3577 librorum
487 3514 704 3596 rhetoricorum
725 3517 885 3595 scriptores
906 3519 1035 3588 Itomae,
1063 3516 1194 3587 dirersis¹
1211 3513 1329 3593 quidem

246 3593 442 3673 temporibus,
462 3594 610 3667 vixerunt,
633 3595 750 3654 uomina
769 3618 872 3656 eorum
894 3609 994 3656 avett.
1015 3596 1128 3676 seriptt.
1147 3618 1208 3655 nou
1231 3592 1327 3655 ubivis

247 3686 379 3733 accurate
394 3675 529 3733 distincta
545 3674 659 3754 saepius
678 3676 889 3750 dubitationem
903 3681 967 3736 VV.
980 3680 1046 3737 DD.
1067 3677 1239 3750 attulerunt,
1259 3686 1328 3733 uter

246 3755 286 3813 sit
313 3751 539 3839 intelligendus,
571 3767 605 3815 ut
633 3758 719 3816 Bach.
748 3759 782 3821 ad
813 3759 841 3817 h.
864 3758 883 3817 l.
925 3758 994 3817 Fuit
1023 3759 1100 3817 enim
1130 3759 1325 3836 Hermagoras

245 3855 261 3893 a
281 3836 348 3895 Tae
371 3833 500 3894 laudatus
518 3837 650 3909 Temno,
672 3838 803 3912 Aeolidis
823 3839 854 3898 in
871 3840 941 3901 Asia
955 3838 1028 3899 urbe
1044 3840 1204 3914 oriundus,
1225 3839 1253 3895 T
1254 3836 1326 3895 heo·

246 3914 313 3974 dori
335 3914 480 3974 Gadareni
497 3916 677 3996 discipulus,
700 3916 808 3978 Carion
833 3921 945 3990 dietus,
967 3920 1018 3998 qui
1040 3920 1094 3978 snb
1110 3920 1248 4000 Augusta
1263 3920 1325 3976 Ro-

246 4014 310 4057 mae
338 4016 404 4054 cum
424 4009 614 4077 praeceptore
635 4010 665 4057 et
684 3999 869 4079 Apollodoro
891 4001 974 4060 vixit
987 4001 1085 4079 ibiqiie
1104 4013 1196 4059 aetate
1216 4018 1326 4079 prove-

246 4075 324 4137 ctior
344 4088 478 4141 mortuus
500 4090 553 4140 est.
601 4078 707 4140 Libros
732 4082 794 4142 eius
823 4093 1033 4142 commemorat
1053 4081 1157 4140 Snidas
1179 4103 1202 4138 s.
1225 4082 1328 4155 Ἑρμα

243 4161 344 4238 μόρας,
374 4177 449 4238 qnos
472 4159 638 4220 Westerm.
660 4159 698 4220 G.
719 4162 747 4221 d.
767 4184 810 4245 gr.
830 4163 898 4222 Ber.
917 4162 946 4244 Q
969 4168 1018 4222 83.
1044 4165 1090 4222 11.
1126 4163 1327 4242 Hermagorae
