2968 4810
222 280 368 363 ‘Xle
531 292 534 298 ¹
638 310 955 409 Prolegomortct.,
1054 376 1058 381 ,

365 464 441 530 turs
480 456 624 533 Materni
646 463 752 536 oratio
774 462 863 539 onrni
886 468 1018 568 poetico
1040 487 1157 541 ornatu
1171 471 1347 565 instructa
1471 492 1472 505 ¹

369 574 438 645 ost,
466 586 568 655 quum
593 576 764 635 strenuum
788 565 901 663 poesis
921 566 1130 663 defensorem
1145 562 1345 653 comiaclo-

368 657 537 755 qucut'iaan
562 685 598 731 se
623 660 782 761 'praebeat
804 680 834 734 ct
858 659 1063 740 laudatorem
1087 666 1275 755 studiosum
1298 671 1346 742 vi-

368 769 419 826 tae
441 757 639 855 tranquillae
664 776 696 832 et
719 764 849 860 quietae
874 791 891 834 3
914 766 1086 860 negotiis,
1103 758 1134 842 11.
1159 794 1188 845 3.
1215 794 1231 838 3
1254 767 1347 841 solli-

369 854 575 928 citudinibus
597 875 628 929 et
654 859 742 949 curis
768 874 935 933 oratorum
963 863 1105 950 alienae,
1130 893 1216 963 quae
1232 896 1249 938 e
1265 895 1347 967 poe·
1365 880 1387 963 ,⁴

368 951 415 1023 sis
435 952 547 1026 studio
565 958 827 1060 enascatur'(cp.
853 963 894 1032 11
911 964 1050 1057 -13.).
1101 965 1151 1035 Er
1167 958 1229 1036 hoe
1244 965 1346 1064 quieti

361 1053 605 1127 313133313333
627 1074 735 1129 ortum
758 1066 830 1131 3333
851 1060 922 1131 eius
945 1059 1060 1133 laudes
1076 1062 1234 1151 civitatis,
1262 1093 1347 1163 quae

328 1214 330 1221 ,
370 1151 704 1227 uniusdominationi
752 1174 918 1245 33331,·31
939 1158 1107 1253 iudicium
1125 1161 1166 1233 de
1189 1162 1347 1260 eloquen-

371 1249 436 1339 tia,
466 1250 551 1323 mala
577 1271 646 1326 arte
674 1186 838 1354 malisque
863 1257 1014 1335 moribus
1041 1275 1116 1332 3313
1142 1260 1203 1359 [cl.
1231 1261 1346 1356 Quint.

371 1349 414 1437 ll,
437 1351 491 1423 16.
514 1367 693 1449 patronum
714 1354 926 1453 ‘eloquentiae
951 1373 1064 1429 contra
1088 1358 1159 1449 cius
1182 1356 1347 1432 obtrecta-

265 1490 267 1495 ν
336 1456 339 1461 ’
370 1462 478 1522 131·33;
518 1454 649 1543 Quure'
666 1456 811 1527 etiamsi
834 1458 873 1527 in
906 1468 1095 1557 utrumque
1120 1473 1260 1558 portem
1289 1489 1348 1539 cu-¹
1397 1471 1402 1482 '

373 1547 446 1620 lent
476 1578 581 1621 arura
603 1553 827 1650 facundiae,
862 1582 933 1625 non
963 1569 1083 1628 tarraco
1097 1560 1166 1630 'cst
1194 1587 1349 1658 acquum

210 1673 220 1684 ·
326 1670 333 1679 “
372 1647 417 1718 id
436 1647 566 1720 haberi
581 1652 739 1738 mulum,
764 1682 836 1752 quo
861 1654 946 1724 hene
967 1660 1025 1726 uti
1045 1657 1162 1754 lz'cet],
1191 1656 1283 1755 quod
1304 1657 1347 1728 ab

372 1745 481 1818 ironia
497 1745 690 1844 longissime
710 1746 827 1825 abesse
844 1752 1005 1824 Witticlr.
1018 1751 1067 1826 ll.
1085 1771 1200 1825 contra
1216 1755 1349 1839 Strodt-
1388 1801 1392 1805 -

273 1862 283 1906 '-
370 1841 525 1916 beckium
554 1848 742 1935 contendit,
782 1852 835 1923 cui
867 1849 1097 1950 'astipulantur
1129 1852 1348 1940 Eclsteinius‚

371 1939 615 2036 Klossmannqs
633 1946 787 2045 Prolegg.
813 1978 848 2049 p.
870 1953 1000 2048 cusq„
1027 1952 1282 2023 Westermaun.
1305 1952 1348 2029 G.

373 2040 406 2112 d.
432 2069 459 2113 r.
482 2043 523 2120 Β.
548 2047 579 2142 §
603 2045 664 2142 74,
690 2062 721 2118 et
749 2046 895 2120 Baebius
918 2046 971 2119 vd.
998 2066 1108 2122 annot.
1136 2049 1178 2121 ad
1204 2052 1350 2150 cp.135.,

308 2144 315 2153 '
374 2139 568 2216 adversatur
592 2142 744 2216 Bonnell.
775 2174 911 2245 quoque
933 2146 976 2218 de
998 2158 1120 2237 mutata
1144 2148 1351 2247 eloquentiae
1436 2159 1442 2166 “

293 2248 295 2251 ’
372 2237 545 2315 Romanae
561 2242 626 2314 sub
643 2242 740 2343 prim.
762 2244 904 2317 Caesai..
921 2245 1117 2319 condicione
1129 2277 1163 2348 p.
1179 2251 1237 2319 29.
1288 2248 1353 2320 »At

351 2364 454 2411 ,vero
487 2340 735 2443 quanticunque
762 2342 934 2425 *faciebant
968 2345 1110 2416 Romani
1144 2345 1278 2418 dicendi
1295 2374 1352 2418 ar-

330 2509 333 2516 ,
376 2442 600 2526 1331,“133333
625 2469 694 2513 333
721 2441 858 2515 deerant
878 2438 1020 2515 modesti
1039 2459 1070 2515 et
1087 2445 1179 2546 pacis
1205 2461 1353 2517 amantes
1473 2506 1474 2515 ,

334 2551 337 2555 ’
374 2534 480 2627 cives,
506 2541 564 2639 qui
585 2540 726 2614 eandem
746 2540 915 2613 alumnam
935 2540 1101 2630 licentiae,
1126 2542 1277 2614 comitem
1300 2569 1354 2614 se-

375 2633 560 2728 ditionum,
585 2639 737 2737 cll'reriati
753 2639 868 2754 populi
886 2637 1131 2712 incitamentum
1151 2668 1241 2729 esse,
1268 2667 1354 2740 quae

309 2804 313 2819 ,
374 2733 411 2805 13
429 2734 516 2811 bene
543 2738 729 2812 constitutis
753 2737 941 2810 civitatibus
963 2765 1031 2829 non
1053 2740 1215 2825 oriretur,
1239 2765 1354 2811 cense-

377 2850 461 2906 rent.
519 2834 633 2910 Talem
660 2838 766 2925 enim,
802 2837 924 2909 siccis
955 2835 1058 2908 131133
1084 2835 1262 2909 Secundus
1282 2838 1356 2908 'sive

376 2929 655 3024 Maternus'fuit,
688 2964 750 3007 nec
776 2951 906 3034 turpem
930 2933 1134 3007 adulatorem
1161 2934 1366 3016 3311131333Ι
1397 2972 1399 2977 ·
1473 2954 1474 2963 ’

376 3047 412 3103 31
427 3032 652 3106 assimulatum
672 3034 864 3120 irrisorem,
889 3049 926 3105 ut
947 3032 1098 3105 nonnulli
1120 3033 1246 3133 opinati
1266 3048 1355 3121 sunt,

378 3147 495 3204 auctor
521 3131 645 3229 dialogi
680 3133 721 3204 de
753 3132 943 3204 oratoribus
977 3131 1057 3203 haec
1083 3132 1161 3203 sacit
1192 3131 1355 3204 dicentem

291 3266 294 3267 ⁷
378 3231 511 3330 31341.
565 3231 750 3324 Quornodo
780 3231 1172 3329 -3331311133111333
1240 3228 1248 3243 ⁸
1290 3263 1295 3271 ·

328 3332 369 3419 ll.
403 3333 548 3424 Marcns
568 3330 676 3429 Aper.
723 3329 842 3423 ,Quum
864 3328 963 3401 lruius
987 3327 1078 3427 apud
1102 3329 1228 3403 nullum
1256 3325 1357 3429 alium
1380 3339 1392 3381 -’

377 3426 573 3526 scriptorem
604 3429 669 3500 3131
700 3426 793 3527 apud
814 3426 965 3500 Tacitum
996 3427 1032 3498 13
1059 3414 1201 3524 Dialogo
1233 3425 1357 3498 mentio
1390 3482 1393 3487 >
1446 3492 1448 3499 ,

177 3530 179 3537 '
276 3526 293 3549 ⁵
352 3525 451 3611 1131,
479 3524 615 3596 difficile
645 3542 695 3598 est
726 3526 769 3596 de
800 3527 872 3597 eius
905 3527 1030 3625 patria,
1053 3525 1134 3596 ι3113
1168 3522 1358 3617 ellingenio

177 3614 180 3623 ¹
378 3622 500 3695 certius
532 3621 710 3721 quicquam
736 3648 945 3722 ,proponere
999 3621 1167 3718 Eelrstein.
1201 3620 1358 3721 Prolegg.

322 3726 325 3731 ’
377 3749 410 3820 p.
445 3724 557 3818 tosq.
589 3721 781 3820 suspicatur
813 3747 888 3790 eum
925 3718 1029 3791 luisse
1066 3716 1221 3813 Gallum,
1266 3715 1360 3814 quod
1392 3788 1397 3797 ,

405 3845 485 3890 uum
510 3845 528 3890 e
554 3846 629 3918 epp.
655 3822 677 3892 7
704 3825 735 3889 e't
761 3819 816 3888 111
846 3816 1000 3888 concludi
1049 3815 1149 3904 33311,
1173 3811 1361 3917 133333οά

378 3914 507 3988 13311133
540 3915 747 4014 eloquentiae
775 3913 900 3986 studio
914 3846 1095 3986 admodum
1108 3929 1113 3940 '
1126 3914 1257 3987 deditae
1287 3911 1361 3983 fue-

378 4013 444 4086 rint
467 4013 539 4091 coll.
567 4013 658 4086 Suet.
678 4011 784 4109 Colig,
801 4016 865 4086 20.
893 4014 1032 4113 Rupert.
1058 4011 1101 4084 ad
1122 4008 1361 4105 13333144.

318 4122 324 4135 “
381 4110 555 4212 Spalding.
574 4111 617 4184 ad
638 4111 754 4208 Quint⁸
774 4108 847 4184 Vol.
864 4112 920 4185 lV.
939 4141 971 4212 p.
992 4113 1072 4186 147.
1088 4110 1362 4183 addVVesterm.

379 4211 420 4282 G.
454 4208 486 4282 d.
509 4236 534 4284 r.
556 4212 596 4286 B.
617 4215 647 4311 ἓ
672 4211 731 4287 78.
757 4213 829 4301 87,
862 4228 894 4284 31
918 4210 1054 4311 quidem
1081 4209 1254 4297 Aeduum,
1281 4232 1365 4303 quo·
