2928 4810
470 326 472 331 ,
523 256 619 347 Ι-ίίψ,
641 256 765 323 XXXI.
911 315 915 320 .
1129 264 1195 325 209

120 409 221 484 locos.
280 409 418 482 Dabunt
443 408 648 483 Academici
667 412 929 511 pogonatum,
962 411 1056 486 Plato
1080 412 1192 490 altitu·
1213 376 1242 433 κ’

121 511 253 600 dinem,
291 508 481 610 Xenophon
514 509 771 586 iucunditatem:
811 540 854 585 ne
885 511 1021 614 Epicuri
1043 513 1192 614 'quidem

120 693 230 741 temere
257 691 406 760 receptum
426 699 441 738 a
460 677 574 739 Druuk.
594 688 624 738 et
646 680 722 760 Rup.
748 692 851 740 contra
866 702 954 755 usum
975 681 1042 742 Tac.
1063 681 1142 744 Auos
1163 686 1187 760 Ι,

121 769 171 823 311.
197 761 274 853 Diui.
292 767 331 833 19.
359 765 408 822 24.
428 767 476 845 32.
503 772 534 820 et
560 759 707 900 talparum
733 761 780 820 vd.
808 762 926 859 Ramsh.
952 785 981 844 p.
1004 763 1086 846 194.)
1114 766 1187 848 Εᾶἆ,

120 845 240 919 Broter.
266 843 392 904 Scebod.
416 841 526 902 Osann.
553 841 644 902 Orci.
665 841 754 902 ortt.
780 843 925 905 Boettrch.
956 845 1071 905 Waltls.
1089 844 1186 908 Bach.

119 925 194 985 Ritt.
225 925 325 997 Osicrt
343 924 396 985 Et.
417 923 494 1010 Spin
519 925 716 984 mutuabimur
735 925 850 1006 aliquid
868 926 1080 1008 Peripateticis.
1102 941 1187 1010 aptos
1252 986 1256 993 .

119 1040 169 1075 ...ἱ
182 1007 390 1067 Arkademiei:
412 1029 499 1087 pugn.
527 1007 599 1066 Edd.
620 1007 685 1065 Pot.
716 1005 782 1066 niv.
810 1008 876 1066 Ber.
898 1007 960 1069 Ate.
991 1012 1187 1072 mulctabimus
1255 1076 1261 1081 ,
1343 1023 1345 1027 ’
1458 990 1459 993 ¹

119 1088 233 1171 aliquid
257 1110 278 1148 a
309 1088 516 1170 Peripateticis.
544 1089 577 1146 hi
601 1098 742 1168 aptos-
767 1088 897 1162 dabunt,
927 1091 1006 1169 quod
1032 1105 1185 1174 receptum
1210 1136 1211 1139 η

121 1183 168 1231 est
183 1215 186 1220 -
204 1171 238 1230 ab
273 1170 368 1230 Rhea.
404 1171 556 1230 emendato
592 1181 688 1229 tamen
722 1191 750 1229 v.
781 1171 979 1230 mutuabimur
1006 1182 1036 1231 et
1061 1194 1077 1233 a
1104 1196 1186 1255 seqq.

119 1274 214 1333 usque
235 1253 269 1312 ad
288 1253 405 1311 Brotcr.
453 1252 572 1312 Tacitus
598 1262 665 1311 unte
690 1250 792 1312 ocolus
822 1251 921 1334 habuit
947 1251 1007 1312 Cic.
1030 1254 1112 1314 Orat.
1136 1263 1185 1333 14,

62 1334 73 1379 ·'
119 1339 170 1395 46.
209 1335 244 1394 lu
264 1334 322 1392 hac
340 1333 716 1405 Aristotelesadolescentis
733 1355 789 1392 nou
808 1335 850 1392 ad
867 1335 1101 1415 philosophorum
1122 1360 1186 1397 mo-

120 1439 184 1476 rem
204 1420 328 1475 tenuiter
346 1415 508 1475 disserendi
514 1444 523 1491 ,
548 1415 603 1474 sed
620 1415 663 1475 ad
682 1420 793 1495 copiam
810 1417 958 1475 rhetorum
981 1420 1010 1474 in
1032 1427 1186 1498 utramque

117 1511 236 1579 partem
256 1508 288 1557 ut
311 1501 444 1558 ornatius
471 1507 500 1555 et
527 1497 642 1556 uberius
662 1495 721 1554 dici
741 1507 854 1577 posset,
882 1501 1027 1557 exercuit:
1053 1500 1203 1582 idemque,

121 1583 200 1639 lucos
218 1578 276 1660 (sic
297 1581 372 1638 enim
392 1576 535 1663 appellat)
563 1582 649 1660 quasi
674 1589 910 1650 argumentorum
937 1589 1023 1638 notas
1047 1580 1184 1656 tradidit,
1257 1578 1260 1589 '

121 1661 196 1741 uude
214 1660 307 1720 omnis
325 1665 355 1719 in
375 1671 526 1742 utrumque
540 1670 657 1741 partem
677 1661 845 1718 traheretur
863 1663 968 1719 oratio.
994 1660 1106 1720 ‘Facile
1127 1664 1185 1738 igi·
1267 1703 1269 1707 .

119 1753 170 1802 tur
186 1743 239 1805 hic
266 1753 363 1803 noster
390 1777 428 1803 -.,-
457 1747 594 1823 quoniam
632 1744 691 1801 luci
720 1745 796 1799 certi
819 1742 993 1814 traduntur,
1030 1755 1185 1823 percurret

120 1832 229 1897 omues,
249 1835 346 1885 utetur
365 1818 452 1903 aptis,
470 1826 633 1899 generatim
653 1824 736 1882 dicet.
774 1824 857 1883 Hauc·
869 1823 1045 1904 disciplinam
1061 1825 1096 1884 de
1116 1827 1185 1886 locis

119 1906 296 1966 Aristoteles
325 1905 459 1965 tractavit
485 1918 553 1965 ucto
582 1904 664 1975 libris
691 1903 887 1983 Topicorum‚
921 1926 993 1986 quae
1019 1903 1123 1965 Cicero
1152 1907 1184 1967 iu

120 1986 239 2047 brevius
260 2000 406 2048 contracta
428 1985 559 2053 exhibuit
577 1986 608 2045 iu
624 1985 743 2065 Topicis
763 1984 798 2045 ad
817 1986 1074 2060 Trebatium‚¹uhi
1094 2009 1138 2068 cp.
1154 1995 1183 2049 2.

122 2069 201 2128 locos
230 2069 292 2129 sive
315 2066 413 2137 ‘circos
440 2069 521 2149 quasi
547 2069 643 2128 sedes·
658 2068 884 2148 interpretatur,
921 2089 938 2129 c
986 2066 1069 2127 uibus
1095 2088 1184 2151 argu-

122 2162 218 2210 menta
236 2163 415 2231 promantur.
457 2149 601 2210 Plutarch.
623 2150 761 2234 Sympus:
781 2151 801 2208 Ι.
821 2171 849 2229 p.
871 2154 938 2210 616.
960 2091 1020 2210 gic-
1042 2149 1077 2209 dc
1099 2151 1182 2211 Orat.

122 2235 149 2306 Ι,
165 2237 216 2307 31,
235 2237 304 2292 141.
326 2235 362 2307 ΙΙ,
376 2239 427 2307 87,
447 2238 515 2291 358.
556 2233 602 2291 Dc
622 2231 651 2289 h.
665 2230 684 2289 Ι.
705 2230 818 2314 Dialog.
836 2230 977 2303 disseruit
997 2231 1093 2292 Stahr.
1114 2232 1184 2293 Ari-

123 2325 193 2374 stot.
213 2327 301 2374 untur
321 2315 348 2374 d.
368 2317 452 2374 Riiru.
473 2336 501 2395 p.
524 2318 640 2476 1173,

204 2396 380 2456 Academici
401 2400 616 2476 pugnacitatem
671 2392 731 2454 »Ch
760 2392 820 2454 Cic.
852 2392 888 2453 de
915 2384 1002 2453 Orat.
1018 2395 1042 2469 Ι,
1065 2398 1114 2469 18,
1135 2398 1183 2455 84.

121 2480 168 2537 hic
184 2482 258 2536 euim
280 2500 342 2537 mos
365 2487 430 2537 erat
448 2476 565 2560 patrius
578 2476 762 2537 Academiae
784 2475 940 2535 aduersari
957 2495 1071 2555 seniper
1091 2480 1185 2535 omui-
1215 2498 1218 2503 ·

123 2559 176 2619 bus
202 2563 232 2619 in
261 2560 441 2642 disputando.
472 2567 522 2634 62,
542 2565 610 2619 263.
635 2559 722 2617 Tosc.
741 2559 830 2632 ΙΙ,,3,
854 2562 882 2616 9.
909 2557 944 2633 [c.
964 2567 1062 2616 annot.
1082 2557 1184 2616 Koch-

99 2638 205 2719 .ucr.].
232 2641 315 2701 Fiun.
341 2644 376 2712 ΙΙ,
401 2646 446 2712 13,
468 2640 645 2715 42.Ὠιιίηῐ.
667 2641 729 2715 ΧΙΙ,
752 2646 781 2713 2,
801 2642 868 2699 aa«
901 2637 1046 2697 Eckstuin.
1073 2638 1104 2697 in
1129 2640 1183 2698 Ed.
1219 2675 1225 2693 .

121 2723 239 2781 Walth.
261 2724 335 2783 Atd.
356 2721 416 2783 Cic.
444 2724 532 2783 head.
553 2724 588 2794 ΙΙ,
610 2729 640 2797 3,
663 2728 690 2781 7.
710 2724 813 2780 'Voc..
827 2724 974 2860 pugupcrt
1002 2731 1047 2779 est
1073 2731 1184 2802 argent.
1201 2705 1231 2833 Ι

122 2804 241 2884 aetatis:
266 2806 313 2865 vd.
335 2805 438 2880 Quint.
458 2808 509 2879 ΙΙΙ,
531 2811 561 2879 3,
582 2810 611 2864 2.
632 2806 686 2876 ite,
714 2806 743 2862 si
756 2805 908 2884 pressae‘i
918 2804 940 2861 li
946 2845 957 2875 ,
983 2804 1077 2883 qualis
1096 2820 1184 2885 saepe

122 2887 322 2961 desideratur,
345 2891 538 2959 ‚narrationis
568 2887 733 2960 gracilitati
763 2888 915 2945 coniuncta
948 2893 1185 2958 argumentorum
1305 2925 1310 2935 .

119 2973 294 3049 puguacitas
305 2968 411 3048 suerit,
432 2970 533 3029 dilatis
549 2958 656 3028 diutius
678 2967 799 3028 dicendi
810 2965 1003 3047 uoluptatibus
1021 2970 1117 3026 oratio
1136 2986 1185 3026 re·

109 3049 301 3193 frtgffiffio,
317 3129 517 3214 altitudinem]
539 3133 583 3192 De
603 3152 667 3192 voc.
686 3129 802 3189 altitud.
822 3129 869 3188 vd.
886 3137 984 3187 annot.
996 3125 1030 3186 acl
1045 3125 1185 3188 Distat.
1206 3132 1221 3259 p

123 3213 169 3272 De
190 3214 312 3274 Platone
333 3213 435 3288 Quint.
458 3216 500 3287 Χ,
519 3219 546 3285 1,
568 3218 617 3287 81.
656 3211 917 3291 Philosophorum,
945 3229 983 3266 ea
1002 3209 1102 3299 quibus
1118 3210 1186 3294 plu·
1307 3260 1309 3263 .
1382 3284 1387 3295 .
1458 3284 1459 3293 ¹

124 3297 229 3353 dmum
256 3316 287 3352 se
314 3301 442 3355 traxisse
469 3297 646 3376 eloquentiae
665 3294 706 3351 M.
730 3292 838 3352 Tullius
856 3287 1018 3368 corfitetur,
1048 3293 1111 3370 quis
1130 3289 1187 3348 du-

125 3375 195 3433 bitet
222 3375 377 3434 Platonem
402 3397 463 3436 esse
487 3380 676 3457 praecipuum
702 3377 761 3434 siae
788 3375 919 3433 acumine
945 3370 1105 3429 disserendi
1125 3374 1186 3430 siae

126 3457 277 3538 eloquendi
289 3455 435 3536 facultate
456 3458 554 3516 diuina
572 3456 699 3540 quadam
721 3465 750 3515 et
762 3453 943 3515 Homerica?
968 3453 1093 3512 Multum
1109 3457 1186 3512 enim

124 3526 215 3618 supra
232 3560 354 3618 prosam
373 3544 533 3599 orationem
553 3549 582 3598 et
600 3559 687 3620 quam
704 3537 865 3619 pedestrem
883 3534 990 3594 Gracci
1005 3544 1106 3593 occant
1118 3554 1187 3615 cur-

122 3623 185 3693 git:
216 3630 247 3677 ut
269 3621 341 3679 mihi
359 3644 416 3680 non
442 3617 566 3680 hominis
593 3623 724 3696 ingenio,
751 3618 805 3677 sed
830 3617 955 3700 quodam
983 3615 1123 3697 Delphico
1143 3619 1185 3674 oi-

80 3750 86 3760 .
125 3699 233 3758 deutra
251 3703 367 3762 oraculo
386 3708 542 3764 instructus.
571 3700 631 3762 Cic.
653 3704 736 3761 Brut.
757 3706 806 3773 31,
831 3704 896 3760 121.
928 3696 1015 3757 Orat:
1032 3704 1060 3772 1,
1083 3702 1111 3756 5.
1135 3700 1185 3773 19,
1290 3701 1294 3712 “

126 3787 174 3840 62.
195 3788 246 3853 20,
270 3788 317 3841 67.
340 3784 375 3843 de
396 3785 477 3845 Orat.
500 3788 521 3857 l,
545 3790 594 3858 11,
613 3788 662 3845 47.
682 3784 731 3857 ΙΙΙ,
750 3784 781 3855 4,
801 3786 848 3840 15.
867 3778 940 3840 Ptin.
964 3778 1035 3857 Epp.
1051 3781 1073 3852 Ι,
1089 3783 1137 3854 10,
1155 3784 1183 3837 5.

123 3862 311 3937 Platonicam
329 3867 410 3924 illum
436 3867 646 3927 sublimitatem
660 3874 696 3924 ‘et
720 3863 903 3922 latitudinem
928 3855 1045 3938 ffugit.
1066 3859 1118 3919 uhi
1136 3860 1185 3919 vd.

127 3944 207 4004 Gicr.
248 3945 390 4009 Latitudo
418 3970 461 4029 ap.
489 3943 563 4008 Plin.
592 3947 610 4007 i.
632 3942 845 4028 q.'amplitudo
865 3942 926 4004 Cic.
953 3940 1035 4000 Orat.
1054 3943 1077 4015 Ι,
1099 3947 1127 4000 5.
1154 3952 1186 4000 et

125 4030 253 4105 ataricus
264 4028 309 4101 sir
320 4034 454 4108 ἑρμηνείας
471 4030 558 4112 Diog.
579 4030 672 4090 Laert.
689 4029 738 4103 ΙΙΙ,
754 4030 783 4087 4.
799 4026 853 4086 Vd.
867 4021 1033 4086 sulltaum.
1050 4022 1185 4105 Prolcgg.

126 4107 161 4168 ab
180 4106 252 4169 Plat.
271 4110 337 4169 Vol.
361 4115 380 4172 Ι.
401 4113 478 4173 Sect.
500 4114 520 4171 1.
540 4133 568 4193 p.
590 4112 666 4170 XLll
682 4130 725 4188 sq.
744 4108 797 4168 Ed.
817 4110 851 4167 ΙΙ.
867 4103 1002 4191 ο(10111111.

205 4189 359 4276 demptum
377 4191 603 4276 immittatur]
624 4189 727 4270 Quinc
742 4190 782 4268 X,
801 4193 829 4266 1,
848 4195 897 4255 82·
938 4184 1019 4266 Qua
1037 4205 1090 4261 ma
1107 4204 1186 4247 com·
