<?xml version="1.0" encoding="UTF-8"?>
<!DOCTYPE html PUBLIC "-//W3C//DTD XHTML 1.0 Transitional//EN"
    "http://www.w3.org/TR/xhtml1/DTD/xhtml1-transitional.dtd">
<html xmlns="http://www.w3.org/1999/xhtml" xml:lang="en" lang="en">
 <head>
  <title>
</title>
<meta http-equiv="Content-Type" content="text/html;charset=utf-8" />
  <meta name='ocr-system' content='tesseract 3.04.00' />
  <meta name='ocr-capabilities' content='ocr_page ocr_carea ocr_par ocr_line ocrx_word'/>
</head>
<body>
  <div class='ocr_page' id='page_1' title='image "./ccorneliitaciti00hessgoog_0068.png"; bbox 0 0 2968 4810; ppageno 0'>
   <div class='ocr_carea' id='block_1_1' title="bbox 627 286 1253 371">
    <p class='ocr_par' dir='ltr' id='par_1_1' title="bbox 627 286 1253 397">
     <span class='ocr_line' id='line_1_1' title="bbox 627 286 1253 371; baseline -0.002 -19"><span class='ocrx_word' id='word_1_1' title='bbox 627 286 787 371; x_wconf 60' lang='lat' dir='ltr'><em>OspV.</em></span> <span class='ocrx_word' id='word_1_2' title='bbox 812 325 818 337; x_wconf 85' lang='lat'><em>-</em></span> <span class='ocrx_word' id='word_1_3' title='bbox 843 308 852 361; x_wconf 89' lang='lat'><em>&#39;.</em></span> <span class='ocrx_word' id='word_1_4' title='bbox 1202 292 1253 351; x_wconf 53' lang='lat'><em>29¹</em></span> 
     </span>
    </p>
   </div>
   <div class='ocr_carea' id='block_1_2' title="bbox 159 439 1249 643">
    <p class='ocr_par' dir='ltr' id='par_1_2' title="bbox 159 439 1249 643">
     <span class='ocr_line' id='line_1_2' title="bbox 159 439 1249 614; baseline 0.002 -99"><span class='ocrx_word' id='word_1_5' title='bbox 159 441 270 614; x_wconf 68' lang='lat' dir='ltr'><em>qipem</em></span> <span class='ocrx_word' id='word_1_6' title='bbox 283 442 406 541; x_wconf 67' lang='lat' dir='ltr'><em>posue</em></span> <span class='ocrx_word' id='word_1_7' title='bbox 447 441 544 538; x_wconf 79' lang='lat' dir='ltr'><em>Quid</em></span> <span class='ocrx_word' id='word_1_8' title='bbox 559 439 651 556; x_wconf 77' lang='lat' dir='ltr'><em>aliud</em></span> <span class='ocrx_word' id='word_1_9' title='bbox 670 440 802 521; x_wconf 70' lang='lat' dir='ltr'><em>inseetis</em></span> <span class='ocrx_word' id='word_1_10' title='bbox 818 439 1249 558; x_wconf 29' lang='lat' dir='ltr'><em>patribusouuperolbpriua</em></span> 
     </span>
     <span class='ocr_line' id='line_1_3' title="bbox 195 540 1247 643; baseline 0 -28"><span class='ocrx_word' id='word_1_11' title='bbox 195 541 345 625; x_wconf 77' lang='lat' dir='ltr'><em>arcellus</em></span> <span class='ocrx_word' id='word_1_12' title='bbox 358 568 459 641; x_wconf 81' lang='lat' dir='ltr'><em>quatu</em></span> <span class='ocrx_word' id='word_1_13' title='bbox 483 540 705 640; x_wconf 81' lang='lat' dir='ltr'><em>eloquentiam</em></span> <span class='ocrx_word' id='word_1_14' title='bbox 729 566 824 613; x_wconf 84' lang='lat' dir='ltr'><em>snam</em></span> <span class='ocrx_word' id='word_1_15' title='bbox 848 558 1031 643; x_wconf 78' lang='lat' dir='ltr'><em>opposuit,</em></span> <span class='ocrx_word' id='word_1_16' title='bbox 1055 564 1117 640; x_wconf 80' lang='lat' dir='ltr'><em>qur</em></span> <span class='ocrx_word' id='word_1_17' title='bbox 1134 568 1247 615; x_wconf 65' lang='lat' dir='ltr'><em>eccum</em></span> 
     </span>
    </p>
   </div>
   <div class='ocr_carea' id='block_1_3' title="bbox 120 708 1325 4287">
    <p class='ocr_par' dir='ltr' id='par_1_3' title="bbox 120 708 1325 4287">
     <span class='ocr_line' id='line_1_4' title="bbox 160 708 1246 791; baseline -0.003 -24"><span class='ocrx_word' id='word_1_18' title='bbox 160 708 244 788; x_wconf 80' lang='lat' dir='ltr'><em>Quid</em></span> <span class='ocrx_word' id='word_1_19' title='bbox 279 719 381 780; x_wconf 82' lang='lat' dir='ltr'><em>autem</em></span> <span class='ocrx_word' id='word_1_20' title='bbox 409 720 473 769; x_wconf 88' lang='lat' dir='ltr'><em>tam</em></span> <span class='ocrx_word' id='word_1_21' title='bbox 509 712 707 773; x_wconf 84' lang='lat' dir='ltr'><em>necessarium</em></span> <span class='ocrx_word' id='word_1_22' title='bbox 724 734 726 737; x_wconf 62' lang='grc'>’</span> <span class='ocrx_word' id='word_1_23' title='bbox 743 729 835 791; x_wconf 91' lang='lat' dir='ltr'><em>quam</em></span> <span class='ocrx_word' id='word_1_24' title='bbox 863 720 981 771; x_wconf 85' lang='lat' dir='ltr'><em>tenere·</em></span> <span class='ocrx_word' id='word_1_25' title='bbox 997 728 1114 788; x_wconf 87' lang='lat' dir='ltr'><em>semper</em></span> <span class='ocrx_word' id='word_1_26' title='bbox 1145 725 1246 781; x_wconf 86' lang='lat' dir='ltr'><em>arma,</em></span> 
     </span>
     <span class='ocr_line' id='line_1_5' title="bbox 120 788 1247 873; baseline -0.004 -23"><span class='ocrx_word' id='word_1_27' title='bbox 120 831 122 834; x_wconf 56' lang='lat'>&gt;</span> <span class='ocrx_word' id='word_1_28' title='bbox 159 791 265 873; x_wconf 89' lang='lat' dir='ltr'><em>quibus</em></span> <span class='ocrx_word' id='word_1_29' title='bbox 287 792 332 850; x_wconf 86' lang='lat' dir='ltr'><em>ocl</em></span> <span class='ocrx_word' id='word_1_30' title='bbox 351 801 447 850; x_wconf 84' lang='lat' dir='ltr'><em>tostus</em></span> <span class='ocrx_word' id='word_1_31' title='bbox 468 795 530 873; x_wconf 90' lang='lat' dir='ltr'><em>ipse</em></span> <span class='ocrx_word' id='word_1_32' title='bbox 551 812 614 850; x_wconf 88' lang='lat' dir='ltr'><em>esse</em></span> <span class='ocrx_word' id='word_1_33' title='bbox 642 792 812 871; x_wconf 63' lang='lat' dir='ltr'><em>possis,oel</em></span> <span class='ocrx_word' id='word_1_34' title='bbox 835 810 1001 871; x_wconf 81' lang='lat' dir='ltr'><em>prouocare</em></span> <span class='ocrx_word' id='word_1_35' title='bbox 1026 788 1174 869; x_wconf 85' lang='lat' dir='ltr'><em>improbos</em></span> <span class='ocrx_word' id='word_1_36' title='bbox 1202 789 1247 847; x_wconf 79' lang='lat' dir='ltr'><em>ecl</em></span> 
     </span>
     <span class='ocr_line' id='line_1_6' title="bbox 159 868 1245 951; baseline -0.002 -21"><span class='ocrx_word' id='word_1_37' title='bbox 159 882 191 945; x_wconf 83' lang='lat' dir='ltr'><em>te</em></span> <span class='ocrx_word' id='word_1_38' title='bbox 211 874 316 943; x_wconf 86' lang='lat' dir='ltr'><em>ulcisci</em></span> <span class='ocrx_word' id='word_1_39' title='bbox 335 873 513 951; x_wconf 78' lang='lat' dir='ltr'><em>lacessitus?</em></span> <span class='ocrx_word' id='word_1_40' title='bbox 555 873 602 932; x_wconf 88' lang='lat' dir='ltr'><em>De</em></span> <span class='ocrx_word' id='word_1_41' title='bbox 626 872 719 933; x_wconf 73' lang='lat' dir='ltr'><em>(istic.</em></span> <span class='ocrx_word' id='word_1_42' title='bbox 737 873 772 946; x_wconf 89' lang='lat' dir='ltr'><em>ll,</em></span> <span class='ocrx_word' id='word_1_43' title='bbox 797 871 843 933; x_wconf 65' lang='grc'><em>141</em></span> <span class='ocrx_word' id='word_1_44' title='bbox 887 868 973 950; x_wconf 81' lang='lat' dir='ltr'><em>Qrtae</em></span> <span class='ocrx_word' id='word_1_45' title='bbox 994 882 1095 931; x_wconf 83' lang='lat' dir='ltr'><em>autern</em></span> <span class='ocrx_word' id='word_1_46' title='bbox 1116 873 1146 928; x_wconf 92' lang='lat' dir='ltr'><em>in</em></span> <span class='ocrx_word' id='word_1_47' title='bbox 1167 871 1245 929; x_wconf 84' lang='lat' dir='ltr'><em>urul-</em></span> 
     </span>
     <span class='ocr_line' id='line_1_7' title="bbox 159 952 1247 1032; baseline 0.001 -20"><span class='ocrx_word' id='word_1_48' title='bbox 159 952 285 1013; x_wconf 85' lang='lat' dir='ltr'><em>titudine</em></span> <span class='ocrx_word' id='word_1_49' title='bbox 306 974 373 1012; x_wconf 89' lang='lat' dir='ltr'><em>cum</em></span> <span class='ocrx_word' id='word_1_50' title='bbox 393 956 576 1015; x_wconf 70' lang='lat' dir='ltr'><em>contentione</em></span> <span class='ocrx_word' id='word_1_51' title='bbox 595 954 722 1012; x_wconf 85' lang='lat' dir='ltr'><em>babetur</em></span> <span class='ocrx_word' id='word_1_52' title='bbox 751 956 865 1023; x_wconf 76' lang='lat' dir='ltr'><em>oratio,</em></span> <span class='ocrx_word' id='word_1_53' title='bbox 895 973 932 1011; x_wconf 86' lang='lat' dir='ltr'><em>ea</em></span> <span class='ocrx_word' id='word_1_54' title='bbox 959 973 1050 1032; x_wconf 88' lang='lat' dir='ltr'><em>saepe</em></span> <span class='ocrx_word' id='word_1_55' title='bbox 1078 954 1247 1013; x_wconf 79' lang='lat' dir='ltr'><em>uniuersam</em></span> 
     </span>
     <span class='ocr_line' id='line_1_8' title="bbox 159 1028 1244 1113; baseline -0.005 -18"><span class='ocrx_word' id='word_1_56' title='bbox 159 1039 283 1095; x_wconf 76' lang='lat' dir='ltr'><em>excitat.</em></span> <span class='ocrx_word' id='word_1_57' title='bbox 323 1036 441 1110; x_wconf 68' lang='lat' dir='ltr'><em>Magna</em></span> <span class='ocrx_word' id='word_1_58' title='bbox 467 1046 512 1094; x_wconf 89' lang='lat' dir='ltr'><em>est</em></span> <span class='ocrx_word' id='word_1_59' title='bbox 531 1038 608 1094; x_wconf 89' lang='lat' dir='ltr'><em>enim</em></span> <span class='ocrx_word' id='word_1_60' title='bbox 637 1028 799 1093; x_wconf 73' lang='lat' dir='ltr'><em>admiratrb</em></span> <span class='ocrx_word' id='word_1_61' title='bbox 827 1036 943 1113; x_wconf 86' lang='lat' dir='ltr'><em>copiose</em></span> <span class='ocrx_word' id='word_1_62' title='bbox 967 1037 1173 1113; x_wconf 67' lang='lat' dir='ltr'><em>sapienterque</em></span> <span class='ocrx_word' id='word_1_63' title='bbox 1196 1032 1244 1091; x_wconf 87' lang='lat' dir='ltr'><em>di-</em></span> 
     </span>
     <span class='ocr_line' id='line_1_9' title="bbox 159 1112 1293 1197; baseline -0.006 -22"><span class='ocrx_word' id='word_1_64' title='bbox 159 1121 271 1175; x_wconf 81' lang='lat' dir='ltr'><em>centis:</em></span> <span class='ocrx_word' id='word_1_65' title='bbox 291 1137 376 1197; x_wconf 86' lang='lat' dir='ltr'><em>quem</em></span> <span class='ocrx_word' id='word_1_66' title='bbox 398 1120 450 1197; x_wconf 90' lang='lat' dir='ltr'><em>qui</em></span> <span class='ocrx_word' id='word_1_67' title='bbox 467 1117 608 1190; x_wconf 86' lang='lat' dir='ltr'><em>audiunt,</em></span> <span class='ocrx_word' id='word_1_68' title='bbox 629 1119 791 1190; x_wconf 72' lang='lat' dir='ltr'><em>intelligere</em></span> <span class='ocrx_word' id='word_1_69' title='bbox 804 1112 894 1182; x_wconf 84' lang='lat' dir='ltr'><em>etiam</em></span> <span class='ocrx_word' id='word_1_70' title='bbox 912 1125 941 1173; x_wconf 90' lang='lat' dir='ltr'><em>et</em></span> <span class='ocrx_word' id='word_1_71' title='bbox 952 1135 1059 1195; x_wconf 83' lang='lat' dir='ltr'><em>sapere</em></span> <span class='ocrx_word' id='word_1_72' title='bbox 1071 1116 1139 1194; x_wconf 86' lang='lat' dir='ltr'><em>plus</em></span> <span class='ocrx_word' id='word_1_73' title='bbox 1153 1134 1245 1193; x_wconf 86' lang='lat' dir='ltr'><em>quam</em></span> <span class='ocrx_word' id='word_1_74' title='bbox 1288 1161 1293 1167; x_wconf 91' lang='lat'><em>.</em></span> 
     </span>
     <span class='ocr_line' id='line_1_10' title="bbox 160 1194 1244 1271; baseline -0.005 -14"><span class='ocrx_word' id='word_1_75' title='bbox 160 1208 274 1271; x_wconf 81' lang='lat' dir='ltr'><em>ceteros</em></span> <span class='ocrx_word' id='word_1_76' title='bbox 301 1198 496 1257; x_wconf 74' lang='lat' dir='ltr'><em>arbitrantur.</em></span> <span class='ocrx_word' id='word_1_77' title='bbox 544 1199 580 1256; x_wconf 85' lang='lat' dir='ltr'><em>Si</em></span> <span class='ocrx_word' id='word_1_78' title='bbox 605 1219 672 1257; x_wconf 82' lang='lat' dir='ltr'><em>uero</em></span> <span class='ocrx_word' id='word_1_79' title='bbox 699 1202 775 1257; x_wconf 86' lang='lat' dir='ltr'><em>inest</em></span> <span class='ocrx_word' id='word_1_80' title='bbox 804 1200 835 1255; x_wconf 90' lang='lat' dir='ltr'><em>in</em></span> <span class='ocrx_word' id='word_1_81' title='bbox 861 1201 996 1269; x_wconf 80' lang='lat' dir='ltr'><em>oratioue</em></span> <span class='ocrx_word' id='word_1_82' title='bbox 1016 1198 1114 1253; x_wconf 75' lang='lat' dir='ltr'><em>minsa</em></span> <span class='ocrx_word' id='word_1_83' title='bbox 1142 1194 1244 1257; x_wconf 87' lang='lat' dir='ltr'><em>mode-</em></span> 
     </span>
     <span class='ocr_line' id='line_1_11' title="bbox 158 1277 1243 1358; baseline -0.002 -20"><span class='ocrx_word' id='word_1_84' title='bbox 158 1284 238 1338; x_wconf 80' lang='lat' dir='ltr'><em>stiae</em></span> <span class='ocrx_word' id='word_1_85' title='bbox 266 1283 419 1353; x_wconf 69' lang='lat' dir='ltr'><em>graeitas:</em></span> <span class='ocrx_word' id='word_1_86' title='bbox 446 1280 521 1337; x_wconf 89' lang='lat' dir='ltr'><em>nibil</em></span> <span class='ocrx_word' id='word_1_87' title='bbox 547 1279 754 1353; x_wconf 76' lang='lat' dir='ltr'><em>admirabilius</em></span> <span class='ocrx_word' id='word_1_88' title='bbox 771 1277 849 1358; x_wconf 85' lang='lat' dir='ltr'><em>ficri</em></span> <span class='ocrx_word' id='word_1_89' title='bbox 871 1287 985 1358; x_wconf 82' lang='lat' dir='ltr'><em>potest,·</em></span> <span class='ocrx_word' id='word_1_90' title='bbox 1014 1297 1106 1356; x_wconf 88' lang='lat' dir='ltr'><em>eoque</em></span> <span class='ocrx_word' id='word_1_91' title='bbox 1134 1280 1243 1353; x_wconf 71' lang='lat' dir='ltr'><em>magis,</em></span> 
     </span>
     <span class='ocr_line' id='line_1_12' title="bbox 159 1360 1245 1439; baseline -0.005 -19"><span class='ocrx_word' id='word_1_92' title='bbox 159 1365 188 1420; x_wconf 89' lang='lat' dir='ltr'><em>si</em></span> <span class='ocrx_word' id='word_1_93' title='bbox 207 1381 250 1431; x_wconf 75' lang='lat' dir='ltr'><em>ea¹</em></span> <span class='ocrx_word' id='word_1_94' title='bbox 263 1371 331 1419; x_wconf 82' lang='lat' dir='ltr'><em>sunt</em></span> <span class='ocrx_word' id='word_1_95' title='bbox 350 1364 381 1419; x_wconf 91' lang='lat' dir='ltr'><em>in</em></span> <span class='ocrx_word' id='word_1_96' title='bbox 403 1360 598 1423; x_wconf 86' lang='lat' dir='ltr'><em>adolescente.</em></span> <span class='ocrx_word' id='word_1_97' title='bbox 639 1362 808 1439; x_wconf 87' lang='lat' dir='ltr'><em>Sedquum</em></span> <span class='ocrx_word' id='word_1_98' title='bbox 821 1363 886 1419; x_wconf 81' lang='lat' dir='ltr'><em>sint</em></span> <span class='ocrx_word' id='word_1_99' title='bbox 904 1361 996 1439; x_wconf 86' lang='lat' dir='ltr'><em>plura</em></span> <span class='ocrx_word' id='word_1_100' title='bbox 1011 1379 1171 1421; x_wconf 83' lang='lat' dir='ltr'><em>causarum</em></span> <span class='ocrx_word' id='word_1_101' title='bbox 1189 1378 1245 1432; x_wconf 71' lang='lat' dir='ltr'><em>qe-</em></span> 
     </span>
     <span class='ocr_line' id='line_1_13' title="bbox 159 1443 1244 1524; baseline -0.002 -23"><span class='ocrx_word' id='word_1_102' title='bbox 159 1463 258 1514; x_wconf 74' lang='lat' dir='ltr'><em>nera,</em></span> <span class='ocrx_word' id='word_1_103' title='bbox 271 1462 363 1524; x_wconf 80' lang='lat' dir='ltr'><em>,quae</em></span> <span class='ocrx_word' id='word_1_104' title='bbox 400 1443 594 1521; x_wconf 88' lang='lat' dir='ltr'><em>eloquentiam</em></span> <span class='ocrx_word' id='word_1_105' title='bbox 624 1443 812 1516; x_wconf 77' lang='lat' dir='ltr'><em>desiderant,</em></span> <span class='ocrx_word' id='word_1_106' title='bbox 845 1443 986 1520; x_wconf 85' lang='lat' dir='ltr'><em>multique</em></span> <span class='ocrx_word' id='word_1_107' title='bbox 1007 1444 1044 1503; x_wconf 84' lang='lat' dir='ltr'><em>in</em></span> <span class='ocrx_word' id='word_1_108' title='bbox 1080 1450 1184 1499; x_wconf 89' lang='lat' dir='ltr'><em>nostra</em></span> <span class='ocrx_word' id='word_1_109' title='bbox 1209 1458 1244 1499; x_wconf 87' lang='lat' dir='ltr'><em>re</em></span> 
     </span>
     <span class='ocr_line' id='line_1_14' title="bbox 155 1519 1268 1605; baseline -0.005 -23"><span class='ocrx_word' id='word_1_110' title='bbox 155 1524 280 1605; x_wconf 81' lang='lat' dir='ltr'><em>publica</em></span> <span class='ocrx_word' id='word_1_111' title='bbox 297 1524 498 1583; x_wconf 81' lang='lat' dir='ltr'><em>adolescentes</em></span> <span class='ocrx_word' id='word_1_112' title='bbox 519 1535 548 1583; x_wconf 86' lang='lat' dir='ltr'><em>ct</em></span> <span class='ocrx_word' id='word_1_113' title='bbox 563 1523 652 1602; x_wconf 87' lang='lat' dir='ltr'><em>‘apud</em></span> <span class='ocrx_word' id='word_1_114' title='bbox 677 1523 789 1582; x_wconf 78' lang='lat' dir='ltr'><em>inrdices</em></span> <span class='ocrx_word' id='word_1_115' title='bbox 810 1532 839 1581; x_wconf 88' lang='lat' dir='ltr'><em>ct</em></span> <span class='ocrx_word' id='word_1_116' title='bbox 859 1522 942 1603; x_wconf 88' lang='lat' dir='ltr'><em>apud</em></span> <span class='ocrx_word' id='word_1_117' title='bbox 958 1519 1093 1591; x_wconf 81' lang='lat' dir='ltr'><em>senatum</em></span> <span class='ocrx_word' id='word_1_118' title='bbox 1118 1520 1268 1578; x_wconf 60' lang='lat' dir='ltr'><em>dicenda&lt;</em></span> 
     </span>
     <span class='ocr_line' id='line_1_15' title="bbox 159 1603 1244 1682; baseline -0.006 -18"><span class='ocrx_word' id='word_1_119' title='bbox 159 1605 277 1664; x_wconf 90' lang='lat' dir='ltr'><em>laudem</em></span> <span class='ocrx_word' id='word_1_120' title='bbox 299 1609 429 1665; x_wconf 79' lang='lat' dir='ltr'><em>assecuti</em></span> <span class='ocrx_word' id='word_1_121' title='bbox 446 1611 523 1664; x_wconf 84' lang='lat' dir='ltr'><em>sint:</em></span> <span class='ocrx_word' id='word_1_122' title='bbox 552 1609 687 1677; x_wconf 69' lang='lat' dir='ltr'><em>maxima</em></span> <span class='ocrx_word' id='word_1_123' title='bbox 708 1614 752 1662; x_wconf 84' lang='lat' dir='ltr'><em>est</em></span> <span class='ocrx_word' id='word_1_124' title='bbox 772 1604 935 1667; x_wconf 86' lang='lat' dir='ltr'><em>admiratio</em></span> <span class='ocrx_word' id='word_1_125' title='bbox 955 1608 985 1662; x_wconf 92' lang='lat' dir='ltr'><em>in</em></span> <span class='ocrx_word' id='word_1_126' title='bbox 1005 1603 1139 1674; x_wconf 88' lang='lat' dir='ltr'><em>iudiciis,</em></span> <span class='ocrx_word' id='word_1_127' title='bbox 1169 1621 1244 1682; x_wconf 85' lang='lat' dir='ltr'><em>quo-</em></span> 
     </span>
     <span class='ocr_line' id='line_1_16' title="bbox 159 1682 1309 1767; baseline -0.005 -22"><span class='ocrx_word' id='word_1_128' title='bbox 159 1708 225 1745; x_wconf 87' lang='lat' dir='ltr'><em>rum</em></span> <span class='ocrx_word' id='word_1_129' title='bbox 246 1691 326 1746; x_wconf 79' lang='lat' dir='ltr'><em>ratio</em></span> <span class='ocrx_word' id='word_1_130' title='bbox 347 1686 456 1767; x_wconf 78' lang='lat' dir='ltr'><em>duplex</em></span> <span class='ocrx_word' id='word_1_131' title='bbox 476 1697 528 1745; x_wconf 90' lang='lat' dir='ltr'><em>est.</em></span> <span class='ocrx_word' id='word_1_132' title='bbox 571 1682 651 1747; x_wconf 85' lang='lat' dir='ltr'><em>Nam</em></span> <span class='ocrx_word' id='word_1_133' title='bbox 672 1707 711 1744; x_wconf 83' lang='lat' dir='ltr'><em>erc</em></span> <span class='ocrx_word' id='word_1_134' title='bbox 731 1689 922 1745; x_wconf 83' lang='lat' dir='ltr'><em>accusatione</em></span> <span class='ocrx_word' id='word_1_135' title='bbox 936 1697 965 1744; x_wconf 92' lang='lat' dir='ltr'><em>et</em></span> <span class='ocrx_word' id='word_1_136' title='bbox 984 1683 1150 1763; x_wconf 77' lang='lat' dir='ltr'><em>defensione</em></span> <span class='ocrx_word' id='word_1_137' title='bbox 1172 1704 1242 1740; x_wconf 89' lang='lat' dir='ltr'><em>con·</em></span> <span class='ocrx_word' id='word_1_138' title='bbox 1305 1686 1309 1709; x_wconf 81' lang='lat'><em>¹</em></span> 
     </span>
     <span class='ocr_line' id='line_1_17' title="bbox 158 1766 1242 1849; baseline -0.005 -21"><span class='ocrx_word' id='word_1_139' title='bbox 158 1778 238 1829; x_wconf 85' lang='lat' dir='ltr'><em>stat:</em></span> <span class='ocrx_word' id='word_1_140' title='bbox 267 1789 395 1849; x_wconf 89' lang='lat' dir='ltr'><em>quarum</em></span> <span class='ocrx_word' id='word_1_141' title='bbox 422 1771 479 1827; x_wconf 87' lang='lat' dir='ltr'><em>etsi</em></span> <span class='ocrx_word' id='word_1_142' title='bbox 505 1766 686 1827; x_wconf 84' lang='lat' dir='ltr'><em>laudabilior</em></span> <span class='ocrx_word' id='word_1_143' title='bbox 714 1778 757 1829; x_wconf 86' lang='lat' dir='ltr'><em>cst</em></span> <span class='ocrx_word' id='word_1_144' title='bbox 783 1766 931 1845; x_wconf 75' lang='lat' dir='ltr'><em>descensio,</em></span> <span class='ocrx_word' id='word_1_145' title='bbox 960 1777 1060 1825; x_wconf 87' lang='lat' dir='ltr'><em>tamen</em></span> <span class='ocrx_word' id='word_1_146' title='bbox 1088 1767 1242 1825; x_wconf 83' lang='lat' dir='ltr'><em>accusatio</em></span> 
     </span>
     <span class='ocr_line' id='line_1_18' title="bbox 156 1844 1307 1931; baseline -0.006 -22"><span class='ocrx_word' id='word_1_147' title='bbox 156 1850 287 1931; x_wconf 87' lang='lat' dir='ltr'><em>probata</em></span> <span class='ocrx_word' id='word_1_148' title='bbox 304 1871 449 1930; x_wconf 81' lang='lat' dir='ltr'><em>persaepe</em></span> <span class='ocrx_word' id='word_1_149' title='bbox 468 1861 521 1909; x_wconf 90' lang='lat' dir='ltr'><em>cst.</em></span> <span class='ocrx_word' id='word_1_150' title='bbox 541 1883 581 1896; x_wconf 88' lang='grc'>-</span> <span class='ocrx_word' id='word_1_151' title='bbox 622 1850 721 1931; x_wconf 83' lang='lat' dir='ltr'><em>Atque</em></span> <span class='ocrx_word' id='word_1_152' title='bbox 747 1852 837 1907; x_wconf 89' lang='lat' dir='ltr'><em>etiam</em></span> <span class='ocrx_word' id='word_1_153' title='bbox 864 1850 920 1907; x_wconf 86' lang='lat' dir='ltr'><em>boc</em></span> <span class='ocrx_word' id='word_1_154' title='bbox 938 1855 1130 1928; x_wconf 84' lang='lat' dir='ltr'><em>praeceptum</em></span> <span class='ocrx_word' id='word_1_155' title='bbox 1151 1844 1249 1924; x_wconf 79' lang='lat' dir='ltr'><em>officii</em></span> <span class='ocrx_word' id='word_1_156' title='bbox 1304 1863 1307 1869; x_wconf 87' lang='lat'><strong>·</strong></span> 
     </span>
     <span class='ocr_line' id='line_1_19' title="bbox 159 1927 1244 2013; baseline -0.006 -23"><span class='ocrx_word' id='word_1_157' title='bbox 159 1932 316 2005; x_wconf 76' lang='lat' dir='ltr'><em>diligenter</em></span> <span class='ocrx_word' id='word_1_158' title='bbox 335 1931 490 1990; x_wconf 87' lang='lat' dir='ltr'><em>tenendum</em></span> <span class='ocrx_word' id='word_1_159' title='bbox 519 1941 581 1997; x_wconf 87' lang='lat' dir='ltr'><em>est,</em></span> <span class='ocrx_word' id='word_1_160' title='bbox 608 1952 644 1990; x_wconf 91' lang='lat' dir='ltr'><em>ne</em></span> <span class='ocrx_word' id='word_1_161' title='bbox 672 1952 758 2013; x_wconf 89' lang='lat' dir='ltr'><em>quern</em></span> <span class='ocrx_word' id='word_1_162' title='bbox 779 1951 908 2010; x_wconf 88' lang='lat' dir='ltr'><em>unquam</em></span> <span class='ocrx_word' id='word_1_163' title='bbox 925 1933 1109 1987; x_wconf 86' lang='lat' dir='ltr'><em>innocentem</em></span> <span class='ocrx_word' id='word_1_164' title='bbox 1131 1927 1244 1986; x_wconf 87' lang='lat' dir='ltr'><em>iudicio</em></span> 
     </span>
     <span class='ocr_line' id='line_1_20' title="bbox 136 2010 1241 2094; baseline -0.006 -21"><span class='ocrx_word' id='word_1_165' title='bbox 136 2018 269 2094; x_wconf 73' lang='lat' dir='ltr'><em>‘capitis</em></span> <span class='ocrx_word' id='word_1_166' title='bbox 289 2033 444 2072; x_wconf 88' lang='lat' dir='ltr'><em>arcessas:</em></span> <span class='ocrx_word' id='word_1_167' title='bbox 472 2012 505 2071; x_wconf 89' lang='lat' dir='ltr'><em>id</em></span> <span class='ocrx_word' id='word_1_168' title='bbox 523 2016 598 2071; x_wconf 92' lang='lat' dir='ltr'><em>enim</em></span> <span class='ocrx_word' id='word_1_169' title='bbox 618 2018 682 2075; x_wconf 85' lang='lat' dir='ltr'><em>sine</em></span> <span class='ocrx_word' id='word_1_170' title='bbox 700 2014 811 2070; x_wconf 88' lang='lat' dir='ltr'><em>scelere</em></span> <span class='ocrx_word' id='word_1_171' title='bbox 827 2010 905 2091; x_wconf 80' lang='lat' dir='ltr'><em>ficri</em></span> <span class='ocrx_word' id='word_1_172' title='bbox 926 2012 1007 2071; x_wconf 92' lang='lat' dir='ltr'><em>nullo</em></span> <span class='ocrx_word' id='word_1_173' title='bbox 1024 2019 1116 2090; x_wconf 87' lang='lat' dir='ltr'><em>pacto</em></span> <span class='ocrx_word' id='word_1_174' title='bbox 1133 2018 1241 2089; x_wconf 83' lang='lat' dir='ltr'><em>potest.</em></span> 
     </span>
     <span class='ocr_line' id='line_1_21' title="bbox 159 2094 1243 2176; baseline -0.006 -20"><span class='ocrx_word' id='word_1_175' title='bbox 159 2094 241 2156; x_wconf 90' lang='lat' dir='ltr'><em>Nam</em></span> <span class='ocrx_word' id='word_1_176' title='bbox 268 2094 342 2174; x_wconf 85' lang='lat' dir='ltr'><em>quid</em></span> <span class='ocrx_word' id='word_1_177' title='bbox 367 2105 411 2154; x_wconf 87' lang='lat' dir='ltr'><em>est</em></span> <span class='ocrx_word' id='word_1_178' title='bbox 436 2105 498 2153; x_wconf 86' lang='lat' dir='ltr'><em>tam</em></span> <span class='ocrx_word' id='word_1_179' title='bbox 526 2095 716 2155; x_wconf 76' lang='lat' dir='ltr'><em>inhumanum</em></span> <span class='ocrx_word' id='word_1_180' title='bbox 743 2115 833 2176; x_wconf 74' lang='lat' dir='ltr'><em>quarn</em></span> <span class='ocrx_word' id='word_1_181' title='bbox 862 2095 1058 2174; x_wconf 79' lang='lat' dir='ltr'><em>eloquentiam</em></span> <span class='ocrx_word' id='word_1_182' title='bbox 1084 2110 1105 2148; x_wconf 89' lang='lat' dir='ltr'><em>u</em></span> <span class='ocrx_word' id='word_1_183' title='bbox 1130 2100 1243 2149; x_wconf 73' lang='lat' dir='ltr'><em>natm</em></span> 
     </span>
     <span class='ocr_line' id='line_1_22' title="bbox 161 2171 1242 2236; baseline -0.006 -1"><span class='ocrx_word' id='word_1_184' title='bbox 161 2177 349 2236; x_wconf 87' lang='lat' dir='ltr'><em>adsalutem</em></span> <span class='ocrx_word' id='word_1_185' title='bbox 374 2177 525 2236; x_wconf 82' lang='lat' dir='ltr'><em>bominum</em></span> <span class='ocrx_word' id='word_1_186' title='bbox 552 2185 582 2235; x_wconf 88' lang='lat' dir='ltr'><em>et</em></span> <span class='ocrx_word' id='word_1_187' title='bbox 608 2177 652 2234; x_wconf 95' lang='lat' dir='ltr'><em>ad</em></span> <span class='ocrx_word' id='word_1_188' title='bbox 679 2179 927 2234; x_wconf 83' lang='lat' dir='ltr'><em>conseruationem</em></span> <span class='ocrx_word' id='word_1_189' title='bbox 949 2174 1054 2232; x_wconf 87' lang='lat' dir='ltr'><em>datam</em></span> <span class='ocrx_word' id='word_1_190' title='bbox 1081 2171 1124 2230; x_wconf 87' lang='lat' dir='ltr'><em>ad</em></span> <span class='ocrx_word' id='word_1_191' title='bbox 1151 2171 1242 2231; x_wconf 89' lang='lat' dir='ltr'><em>bono-</em></span> 
     </span>
     <span class='ocr_line' id='line_1_23' title="bbox 161 2255 1241 2338; baseline -0.006 -21"><span class='ocrx_word' id='word_1_192' title='bbox 161 2280 229 2317; x_wconf 89' lang='lat' dir='ltr'><em>rum</em></span> <span class='ocrx_word' id='word_1_193' title='bbox 247 2268 357 2337; x_wconf 87' lang='lat' dir='ltr'><em>pestem</em></span> <span class='ocrx_word' id='word_1_194' title='bbox 376 2262 594 2338; x_wconf 80' lang='lat' dir='ltr'><em>perniciemque</em></span> <span class='ocrx_word' id='word_1_195' title='bbox 616 2258 807 2325; x_wconf 81' lang='lat' dir='ltr'><em>conuertere?</em></span> <span class='ocrx_word' id='word_1_196' title='bbox 846 2257 893 2316; x_wconf 87' lang='lat' dir='ltr'><em>Dc</em></span> <span class='ocrx_word' id='word_1_197' title='bbox 911 2257 977 2316; x_wconf 77' lang='lat' dir='ltr'><em>Nat.</em></span> <span class='ocrx_word' id='word_1_198' title='bbox 997 2256 1036 2316; x_wconf 90' lang='lat' dir='ltr'><em>D.</em></span> <span class='ocrx_word' id='word_1_199' title='bbox 1052 2255 1089 2328; x_wconf 86' lang='lat' dir='ltr'><em>ll,</em></span> <span class='ocrx_word' id='word_1_200' title='bbox 1103 2257 1156 2327; x_wconf 80' lang='lat'><em>59,</em></span> <span class='ocrx_word' id='word_1_201' title='bbox 1173 2255 1241 2313; x_wconf 78' lang='lat' dir='ltr'><em>tte.</em></span> 
     </span>
     <span class='ocr_line' id='line_1_24' title="bbox 163 2338 507 2414; baseline -0.006 -15"><span class='ocrx_word' id='word_1_202' title='bbox 163 2338 288 2414; x_wconf 86' lang='lat' dir='ltr'><em>Quintil.</em></span> <span class='ocrx_word' id='word_1_203' title='bbox 309 2340 373 2413; x_wconf 84' lang='grc' dir='ltr'><em>ΧΠ,</em></span> <span class='ocrx_word' id='word_1_204' title='bbox 395 2345 422 2398; x_wconf 86' lang='grc'><em>7.</em></span> <span class='ocrx_word' id='word_1_205' title='bbox 442 2339 507 2399; x_wconf 87' lang='lat' dir='ltr'><em>init.</em></span> 
     </span>
     <span class='ocr_line' id='line_1_25' title="bbox 213 2414 1242 2502; baseline -0.004 -24"><span class='ocrx_word' id='word_1_206' title='bbox 213 2420 354 2502; x_wconf 71' lang='lat' dir='ltr'><em>⁸Eprius</em></span> <span class='ocrx_word' id='word_1_207' title='bbox 373 2418 554 2501; x_wconf 85' lang='lat' dir='ltr'><em>Marcellus]</em></span> <span class='ocrx_word' id='word_1_208' title='bbox 593 2419 823 2501; x_wconf 77' lang='lat' dir='ltr'><em>Ct.ep.8.13.</em></span> <span class='ocrx_word' id='word_1_209' title='bbox 865 2417 990 2477; x_wconf 76' lang='lat' dir='ltr'><em>Praetor</em></span> <span class='ocrx_word' id='word_1_210' title='bbox 1016 2414 1075 2483; x_wconf 82' lang='lat' dir='ltr'><em>snit</em></span> <span class='ocrx_word' id='word_1_211' title='bbox 1100 2436 1162 2475; x_wconf 87' lang='lat' dir='ltr'><em>uuo</em></span> <span class='ocrx_word' id='word_1_212' title='bbox 1192 2414 1242 2475; x_wconf 89' lang='lat' dir='ltr'><em>die</em></span> 
     </span>
     <span class='ocr_line' id='line_1_26' title="bbox 162 2497 1303 2582; baseline -0.008 -17"><span class='ocrx_word' id='word_1_213' title='bbox 162 2500 218 2565; x_wconf 77' lang='lat' dir='ltr'><em>rub</em></span> <span class='ocrx_word' id='word_1_214' title='bbox 238 2501 361 2562; x_wconf 90' lang='lat' dir='ltr'><em>Claudio</em></span> <span class='ocrx_word' id='word_1_215' title='bbox 381 2504 465 2582; x_wconf 82' lang='lat' dir='ltr'><em>(Tac.</em></span> <span class='ocrx_word' id='word_1_216' title='bbox 487 2506 565 2562; x_wconf 84' lang='lat' dir='ltr'><em>Aun.</em></span> <span class='ocrx_word' id='word_1_217' title='bbox 588 2503 654 2575; x_wconf 82' lang='lat' dir='ltr'><em>Xll,</em></span> <span class='ocrx_word' id='word_1_218' title='bbox 680 2500 762 2581; x_wconf 69' lang='lat' dir='ltr'><em>tt),</em></span> <span class='ocrx_word' id='word_1_219' title='bbox 784 2499 839 2560; x_wconf 87' lang='lat' dir='ltr'><em>sub</em></span> <span class='ocrx_word' id='word_1_220' title='bbox 859 2500 980 2558; x_wconf 79' lang='lat' dir='ltr'><em>Nerone</em></span> <span class='ocrx_word' id='word_1_221' title='bbox 1000 2517 1016 2554; x_wconf 91' lang='lat' dir='ltr'><em>a</em></span> <span class='ocrx_word' id='word_1_222' title='bbox 1033 2497 1137 2581; x_wconf 80' lang='lat' dir='ltr'><em>Lyciis</em></span> <span class='ocrx_word' id='word_1_223' title='bbox 1154 2517 1241 2577; x_wconf 89' lang='lat' dir='ltr'><em>repe·</em></span> <span class='ocrx_word' id='word_1_224' title='bbox 1297 2572 1303 2581; x_wconf 63' lang='lat'><em>.</em></span> 
     </span>
     <span class='ocr_line' id='line_1_27' title="bbox 161 2577 1242 2661; baseline -0.006 -18"><span class='ocrx_word' id='word_1_225' title='bbox 161 2584 319 2643; x_wconf 86' lang='lat' dir='ltr'><em>tundarum</em></span> <span class='ocrx_word' id='word_1_226' title='bbox 358 2595 509 2644; x_wconf 86' lang='lat' dir='ltr'><em>accusatus</em></span> <span class='ocrx_word' id='word_1_227' title='bbox 544 2583 696 2643; x_wconf 86' lang='lat' dir='ltr'><em>absolutus</em></span> <span class='ocrx_word' id='word_1_228' title='bbox 726 2595 772 2642; x_wconf 90' lang='lat' dir='ltr'><em>est</em></span> <span class='ocrx_word' id='word_1_229' title='bbox 805 2580 906 2661; x_wconf 69' lang='lat' dir='ltr'><em>(Anu.</em></span> <span class='ocrx_word' id='word_1_230' title='bbox 933 2579 1011 2651; x_wconf 86' lang='lat' dir='ltr'><em>Xlll,</em></span> <span class='ocrx_word' id='word_1_231' title='bbox 1039 2577 1114 2658; x_wconf 60' lang='lat'><em>33.)</em></span> <span class='ocrx_word' id='word_1_232' title='bbox 1170 2578 1242 2638; x_wconf 84' lang='lat' dir='ltr'><em>Fuit</em></span> 
     </span>
     <span class='ocr_line' id='line_1_28' title="bbox 160 2659 1241 2745; baseline -0.004 -21"><span class='ocrx_word' id='word_1_233' title='bbox 160 2664 251 2725; x_wconf 86' lang='lat' dir='ltr'><em>bomo</em></span> <span class='ocrx_word' id='word_1_234' title='bbox 274 2665 440 2745; x_wconf 86' lang='lat' dir='ltr'><em>eloquentia</em></span> <span class='ocrx_word' id='word_1_235' title='bbox 470 2685 523 2725; x_wconf 89' lang='lat' dir='ltr'><em>sua</em></span> <span class='ocrx_word' id='word_1_236' title='bbox 549 2664 726 2724; x_wconf 86' lang='lat' dir='ltr'><em>clarissimus</em></span> <span class='ocrx_word' id='word_1_237' title='bbox 748 2675 778 2724; x_wconf 89' lang='lat' dir='ltr'><em>et</em></span> <span class='ocrx_word' id='word_1_238' title='bbox 797 2660 1041 2744; x_wconf 85' lang='lat' dir='ltr'><em>potentissimus,</em></span> <span class='ocrx_word' id='word_1_239' title='bbox 1068 2659 1119 2739; x_wconf 88' lang='lat' dir='ltr'><em>qui</em></span> <span class='ocrx_word' id='word_1_240' title='bbox 1137 2672 1241 2740; x_wconf 82' lang='lat' dir='ltr'><em>postea</em></span> 
     </span>
     <span class='ocr_line' id='line_1_29' title="bbox 161 2739 1261 2826; baseline -0.007 -20"><span class='ocrx_word' id='word_1_241' title='bbox 161 2748 319 2807; x_wconf 86' lang='lat' dir='ltr'><em>acerrimus</em></span> <span class='ocrx_word' id='word_1_242' title='bbox 347 2746 542 2826; x_wconf 86' lang='lat' dir='ltr'><em>omnibusque</em></span> <span class='ocrx_word' id='word_1_243' title='bbox 566 2745 716 2806; x_wconf 83' lang='lat' dir='ltr'><em>timendus</em></span> <span class='ocrx_word' id='word_1_244' title='bbox 748 2743 863 2804; x_wconf 82' lang='lat' dir='ltr'><em>delator</em></span> <span class='ocrx_word' id='word_1_245' title='bbox 887 2742 981 2801; x_wconf 87' lang='lat' dir='ltr'><em>sactus</em></span> <span class='ocrx_word' id='word_1_246' title='bbox 1008 2740 1135 2821; x_wconf 87' lang='lat' dir='ltr'><em>ideoque</em></span> <span class='ocrx_word' id='word_1_247' title='bbox 1161 2739 1261 2800; x_wconf 83' lang='lat' dir='ltr'><em>iuvi·&#39;</em></span> 
     </span>
     <span class='ocr_line' id='line_1_30' title="bbox 163 2821 1240 2908; baseline -0.006 -20"><span class='ocrx_word' id='word_1_248' title='bbox 163 2850 214 2891; x_wconf 87' lang='lat' dir='ltr'><em>sus</em></span> <span class='ocrx_word' id='word_1_249' title='bbox 242 2827 383 2888; x_wconf 84' lang='lat' dir='ltr'><em>memoria</em></span> <span class='ocrx_word' id='word_1_250' title='bbox 410 2825 587 2886; x_wconf 81' lang='lat' dir='ltr'><em>delationum</em></span> <span class='ocrx_word' id='word_1_251' title='bbox 617 2827 710 2908; x_wconf 85' lang='lat' dir='ltr'><em>(Hist.</em></span> <span class='ocrx_word' id='word_1_252' title='bbox 738 2829 773 2899; x_wconf 82' lang='lat' dir='ltr'><em>ll,</em></span> <span class='ocrx_word' id='word_1_253' title='bbox 802 2823 868 2905; x_wconf 79' lang='lat'><em>53.)</em></span> <span class='ocrx_word' id='word_1_254' title='bbox 894 2825 1044 2883; x_wconf 83' lang='lat' dir='ltr'><em>Neronem</em></span> <span class='ocrx_word' id='word_1_255' title='bbox 1068 2823 1101 2882; x_wconf 85' lang='lat' dir='ltr'><em>in</em></span> <span class='ocrx_word' id='word_1_256' title='bbox 1127 2821 1240 2882; x_wconf 85' lang='lat' dir='ltr'><em>multo·</em></span> 
     </span>
     <span class='ocr_line' id='line_1_31' title="bbox 160 2902 1241 2990; baseline -0.006 -20"><span class='ocrx_word' id='word_1_257' title='bbox 160 2932 228 2970; x_wconf 87' lang='lat' dir='ltr'><em>rum</em></span> <span class='ocrx_word' id='word_1_258' title='bbox 250 2908 452 2969; x_wconf 84' lang='lat' dir='ltr'><em>innocentium</em></span> <span class='ocrx_word' id='word_1_259' title='bbox 473 2908 595 2969; x_wconf 81' lang='lat' dir='ltr'><em>exitium</em></span> <span class='ocrx_word' id='word_1_260' title='bbox 617 2908 748 2990; x_wconf 76' lang='lat' dir='ltr'><em>impulit,</em></span> <span class='ocrx_word' id='word_1_261' title='bbox 769 2918 803 2966; x_wconf 90' lang='lat' dir='ltr'><em>ut</em></span> <span class='ocrx_word' id='word_1_262' title='bbox 823 2905 905 2966; x_wconf 87' lang='lat' dir='ltr'><em>Paeti</em></span> <span class='ocrx_word' id='word_1_263' title='bbox 921 2905 1087 2980; x_wconf 82' lang='lat' dir='ltr'><em>Thraseae,</em></span> <span class='ocrx_word' id='word_1_264' title='bbox 1110 2902 1241 2964; x_wconf 81' lang='lat' dir='ltr'><em>Helvidii</em></span> 
     </span>
     <span class='ocr_line' id='line_1_32' title="bbox 161 2985 1241 3072; baseline -0.007 -20"><span class='ocrx_word' id='word_1_265' title='bbox 161 2990 258 3053; x_wconf 86' lang='lat' dir='ltr'><em>soceri</em></span> <span class='ocrx_word' id='word_1_266' title='bbox 280 2989 416 3072; x_wconf 85' lang='lat' dir='ltr'><em>(Walch.</em></span> <span class='ocrx_word' id='word_1_267' title='bbox 436 2991 471 3050; x_wconf 91' lang='lat' dir='ltr'><em>ad</em></span> <span class='ocrx_word' id='word_1_268' title='bbox 492 2991 591 3072; x_wconf 79' lang='lat' dir='ltr'><em>Agris.</em></span> <span class='ocrx_word' id='word_1_269' title='bbox 613 3013 641 3071; x_wconf 89' lang='lat' dir='ltr'><em>p.</em></span> <span class='ocrx_word' id='word_1_270' title='bbox 666 2988 760 3070; x_wconf 67' lang='lat'><em>114),</em></span> <span class='ocrx_word' id='word_1_271' title='bbox 781 2985 1090 3060; x_wconf 81' lang='lat' dir='ltr'><em>cuius&#39;accusatinne,</em></span> <span class='ocrx_word' id='word_1_272' title='bbox 1109 3006 1167 3067; x_wconf 87' lang='lat' dir='ltr'><em>pro</em></span> <span class='ocrx_word' id='word_1_273' title='bbox 1182 3006 1241 3065; x_wconf 89' lang='lat' dir='ltr'><em>qua</em></span> 
     </span>
     <span class='ocr_line' id='line_1_33' title="bbox 160 3065 1239 3154; baseline -0.005 -23"><span class='ocrx_word' id='word_1_274' title='bbox 160 3072 321 3153; x_wconf 87' lang='lat' dir='ltr'><em>praemium</em></span> <span class='ocrx_word' id='word_1_275' title='bbox 338 3073 529 3154; x_wconf 83' lang='lat' dir='ltr'><em>quinquagies</em></span> <span class='ocrx_word' id='word_1_276' title='bbox 550 3073 718 3132; x_wconf 82' lang='lat' dir='ltr'><em>sestertium</em></span> <span class='ocrx_word' id='word_1_277' title='bbox 739 3070 850 3151; x_wconf 84' lang='lat' dir='ltr'><em>accepit</em></span> <span class='ocrx_word' id='word_1_278' title='bbox 867 3068 961 3150; x_wconf 79' lang='lat' dir='ltr'><em>(Anu.</em></span> <span class='ocrx_word' id='word_1_279' title='bbox 975 3070 1057 3142; x_wconf 81' lang='lat' dir='ltr'><em>XVl,</em></span> <span class='ocrx_word' id='word_1_280' title='bbox 1073 3065 1150 3147; x_wconf 67' lang='lat' dir='ltr'><em>bb),</em></span> <span class='ocrx_word' id='word_1_281' title='bbox 1169 3087 1239 3147; x_wconf 91' lang='lat' dir='ltr'><em>per·</em></span> 
     </span>
     <span class='ocr_line' id='line_1_34' title="bbox 161 3149 1240 3229; baseline -0.006 -16"><span class='ocrx_word' id='word_1_282' title='bbox 161 3154 252 3226; x_wconf 77' lang='lat' dir='ltr'><em>fecit,</em></span> <span class='ocrx_word' id='word_1_283' title='bbox 279 3166 314 3213; x_wconf 89' lang='lat' dir='ltr'><em>ut</em></span> <span class='ocrx_word' id='word_1_284' title='bbox 334 3155 361 3213; x_wconf 72' lang='lat' dir='ltr'><em>&#39;l&#39;</em></span> <span class='ocrx_word' id='word_1_285' title='bbox 363 3155 480 3214; x_wconf 84' lang='lat' dir='ltr'><em>braseae</em></span> <span class='ocrx_word' id='word_1_286' title='bbox 499 3176 514 3213; x_wconf 92' lang='lat' dir='ltr'><em>a</em></span> <span class='ocrx_word' id='word_1_287' title='bbox 537 3155 657 3215; x_wconf 84' lang='lat' dir='ltr'><em>Nerone</em></span> <span class='ocrx_word' id='word_1_288' title='bbox 685 3153 789 3212; x_wconf 88' lang='lat' dir='ltr'><em>mortis</em></span> <span class='ocrx_word' id='word_1_289' title='bbox 817 3149 971 3210; x_wconf 81' lang='lat' dir='ltr'><em>arbitrium</em></span> <span class='ocrx_word' id='word_1_290' title='bbox 993 3150 1114 3208; x_wconf 82' lang='lat' dir='ltr'><em>daretur</em></span> <span class='ocrx_word' id='word_1_291' title='bbox 1131 3168 1240 3229; x_wconf 81' lang='lat' dir='ltr'><em>gener-</em></span> 
     </span>
     <span class='ocr_line' id='line_1_35' title="bbox 161 3227 1240 3316; baseline -0.009 -19"><span class='ocrx_word' id='word_1_292' title='bbox 161 3257 220 3316; x_wconf 82' lang='lat' dir='ltr'><em>que</em></span> <span class='ocrx_word' id='word_1_293' title='bbox 241 3235 393 3295; x_wconf 85' lang='lat' dir='ltr'><em>Helvidius</em></span> <span class='ocrx_word' id='word_1_294' title='bbox 416 3235 447 3295; x_wconf 89' lang='lat' dir='ltr'><em>in</em></span> <span class='ocrx_word' id='word_1_295' title='bbox 471 3235 619 3294; x_wconf 85' lang='lat' dir='ltr'><em>exsilium·</em></span> <span class='ocrx_word' id='word_1_296' title='bbox 632 3233 800 3314; x_wconf 83' lang='lat' dir='ltr'><em>pelleretur.</em></span> <span class='ocrx_word' id='word_1_297' title='bbox 853 3231 1007 3293; x_wconf 83' lang='lat' dir='ltr'><em>Helvidius</em></span> <span class='ocrx_word' id='word_1_298' title='bbox 1033 3229 1152 3289; x_wconf 83' lang='lat' dir='ltr'><em>Priscus</em></span> <span class='ocrx_word' id='word_1_299' title='bbox 1183 3227 1240 3297; x_wconf 82' lang='lat' dir='ltr'><em>sub</em></span> 
     </span>
     <span class='ocr_line' id='line_1_36' title="bbox 162 3310 1240 3395; baseline -0.006 -19"><span class='ocrx_word' id='word_1_300' title='bbox 162 3315 256 3376; x_wconf 82' lang='lat' dir='ltr'><em>Galba</em></span> <span class='ocrx_word' id='word_1_301' title='bbox 277 3337 312 3375; x_wconf 85' lang='lat' dir='ltr'><em>ex</em></span> <span class='ocrx_word' id='word_1_302' title='bbox 334 3316 437 3375; x_wconf 81' lang='lat' dir='ltr'><em>exsilio</em></span> <span class='ocrx_word' id='word_1_303' title='bbox 462 3317 553 3374; x_wconf 83' lang='lat' dir='ltr'><em>redux</em></span> <span class='ocrx_word' id='word_1_304' title='bbox 574 3314 743 3375; x_wconf 86' lang='lat' dir='ltr'><em>Marcellum</em></span> <span class='ocrx_word' id='word_1_305' title='bbox 769 3314 888 3395; x_wconf 87' lang='lat' dir='ltr'><em>quidem</em></span> <span class='ocrx_word' id='word_1_306' title='bbox 907 3310 1030 3390; x_wconf 83' lang='lat' dir='ltr'><em>Eprium</em></span> <span class='ocrx_word' id='word_1_307' title='bbox 1057 3310 1092 3369; x_wconf 87' lang='lat' dir='ltr'><em>ad</em></span> <span class='ocrx_word' id='word_1_308' title='bbox 1112 3320 1240 3369; x_wconf 80' lang='lat' dir='ltr'><em>mortem</em></span> 
     </span>
     <span class='ocr_line' id='line_1_37' title="bbox 162 3390 1239 3477; baseline -0.006 -23"><span class='ocrx_word' id='word_1_309' title='bbox 162 3396 260 3455; x_wconf 88' lang='lat' dir='ltr'><em>soceri</em></span> <span class='ocrx_word' id='word_1_310' title='bbox 280 3396 479 3457; x_wconf 85' lang='lat' dir='ltr'><em>vindicandum</em></span> <span class='ocrx_word' id='word_1_311' title='bbox 499 3416 634 3466; x_wconf 76' lang='lat' dir='ltr'><em>accusare</em></span> <span class='ocrx_word' id='word_1_312' title='bbox 654 3416 810 3477; x_wconf 82' lang='lat' dir='ltr'><em>aggressus</em></span> <span class='ocrx_word' id='word_1_313' title='bbox 832 3405 897 3467; x_wconf 90' lang='lat' dir='ltr'><em>est,</em></span> <span class='ocrx_word' id='word_1_314' title='bbox 918 3391 971 3451; x_wconf 85' lang='lat' dir='ltr'><em>sed</em></span> <span class='ocrx_word' id='word_1_315' title='bbox 988 3410 1057 3450; x_wconf 83' lang='lat' dir='ltr'><em>mox</em></span> <span class='ocrx_word' id='word_1_316' title='bbox 1075 3390 1165 3461; x_wconf 39' lang='lat' dir='ltr'><em>,dubia</em></span> <span class='ocrx_word' id='word_1_317' title='bbox 1183 3409 1239 3450; x_wconf 83' lang='lat' dir='ltr'><em>vo-</em></span> 
     </span>
     <span class='ocr_line' id='line_1_38' title="bbox 161 3471 1242 3557; baseline -0.004 -21"><span class='ocrx_word' id='word_1_318' title='bbox 161 3476 275 3536; x_wconf 86' lang='lat' dir='ltr'><em>luntate</em></span> <span class='ocrx_word' id='word_1_319' title='bbox 299 3475 425 3545; x_wconf 84' lang='lat' dir='ltr'><em>Galbae,</em></span> <span class='ocrx_word' id='word_1_320' title='bbox 453 3476 553 3536; x_wconf 88' lang='lat' dir='ltr'><em>multis</em></span> <span class='ocrx_word' id='word_1_321' title='bbox 581 3489 751 3539; x_wconf 87' lang='lat' dir='ltr'><em>senatorum</em></span> <span class='ocrx_word' id='word_1_322' title='bbox 777 3472 1000 3557; x_wconf 79' lang='lat' dir='ltr'><em>deprecantibus</em></span> <span class='ocrx_word' id='word_1_323' title='bbox 1025 3471 1242 3533; x_wconf 82' lang='lat' dir='ltr'><em>accusationem</em></span> 
     </span>
     <span class='ocr_line' id='line_1_39' title="bbox 162 3551 1325 3639; baseline -0.005 -21"><span class='ocrx_word' id='word_1_324' title='bbox 162 3557 264 3634; x_wconf 80' lang='lat' dir='ltr'><em>omisit</em></span> <span class='ocrx_word' id='word_1_325' title='bbox 283 3556 376 3638; x_wconf 79' lang='lat' dir='ltr'><em>(Hisc</em></span> <span class='ocrx_word' id='word_1_326' title='bbox 396 3561 448 3631; x_wconf 88' lang='lat' dir='ltr'><em>lV,</em></span> <span class='ocrx_word' id='word_1_327' title='bbox 469 3564 497 3617; x_wconf 82' lang='lat'><em>3.</em></span> <span class='ocrx_word' id='word_1_328' title='bbox 518 3556 572 3639; x_wconf 84' lang='lat'><em>5.).</em></span> <span class='ocrx_word' id='word_1_329' title='bbox 611 3560 717 3618; x_wconf 79' lang='lat' dir='ltr'><em>Postea</em></span> <span class='ocrx_word' id='word_1_330' title='bbox 747 3580 837 3638; x_wconf 88' lang='lat' dir='ltr'><em>quum</em></span> <span class='ocrx_word' id='word_1_331' title='bbox 860 3557 957 3616; x_wconf 88' lang='lat' dir='ltr'><em>denuo</em></span> <span class='ocrx_word' id='word_1_332' title='bbox 984 3552 1039 3613; x_wconf 86' lang='lat' dir='ltr'><em>sub</em></span> <span class='ocrx_word' id='word_1_333' title='bbox 1061 3551 1240 3633; x_wconf 78' lang='lat' dir='ltr'><em>Vespasiano</em></span> <span class='ocrx_word' id='word_1_334' title='bbox 1323 3591 1325 3597; x_wconf 46' lang='grc' dir='ltr'><strong><em>ι</em></strong></span> 
     </span>
     <span class='ocr_line' id='line_1_40' title="bbox 161 3633 1240 3721; baseline -0.005 -22"><span class='ocrx_word' id='word_1_335' title='bbox 161 3639 194 3699; x_wconf 90' lang='lat' dir='ltr'><em>in</em></span> <span class='ocrx_word' id='word_1_336' title='bbox 215 3650 317 3699; x_wconf 82' lang='lat' dir='ltr'><em>senatu</em></span> <span class='ocrx_word' id='word_1_337' title='bbox 339 3640 375 3698; x_wconf 89' lang='lat' dir='ltr'><em>de</em></span> <span class='ocrx_word' id='word_1_338' title='bbox 398 3639 576 3701; x_wconf 87' lang='lat' dir='ltr'><em>delatoribus</em></span> <span class='ocrx_word' id='word_1_339' title='bbox 596 3638 751 3720; x_wconf 84' lang='lat' dir='ltr'><em>puniendis</em></span> <span class='ocrx_word' id='word_1_340' title='bbox 772 3651 910 3721; x_wconf 80' lang='lat' dir='ltr'><em>ageretur</em></span> <span class='ocrx_word' id='word_1_341' title='bbox 932 3649 962 3697; x_wconf 89' lang='lat' dir='ltr'><em>et</em></span> <span class='ocrx_word' id='word_1_342' title='bbox 981 3633 1135 3707; x_wconf 81' lang='lat' dir='ltr'><em>Helvidius</em></span> <span class='ocrx_word' id='word_1_343' title='bbox 1156 3656 1240 3714; x_wconf 84' lang='lat' dir='ltr'><em>spem</em></span> 
     </span>
     <span class='ocr_line' id='line_1_41' title="bbox 162 3717 1239 3801; baseline -0.006 -20"><span class='ocrx_word' id='word_1_344' title='bbox 162 3732 296 3801; x_wconf 88' lang='lat' dir='ltr'><em>caperet,</em></span> <span class='ocrx_word' id='word_1_345' title='bbox 325 3742 414 3800; x_wconf 89' lang='lat' dir='ltr'><em>posse</em></span> <span class='ocrx_word' id='word_1_346' title='bbox 445 3722 530 3779; x_wconf 84' lang='lat' dir='ltr'><em>etiam</em></span> <span class='ocrx_word' id='word_1_347' title='bbox 555 3721 727 3799; x_wconf 82' lang='lat' dir='ltr'><em>Marcellum</em></span> <span class='ocrx_word' id='word_1_348' title='bbox 755 3719 925 3800; x_wconf 80' lang='lat' dir='ltr'><em>prosterni,</em></span> <span class='ocrx_word' id='word_1_349' title='bbox 955 3719 986 3777; x_wconf 88' lang='lat' dir='ltr'><em>in</em></span> <span class='ocrx_word' id='word_1_350' title='bbox 1009 3738 1076 3776; x_wconf 85' lang='lat' dir='ltr'><em>eum</em></span> <span class='ocrx_word' id='word_1_351' title='bbox 1103 3717 1239 3776; x_wconf 85' lang='lat' dir='ltr'><em>invectus</em></span> 
     </span>
     <span class='ocr_line' id='line_1_42' title="bbox 163 3800 1242 3883; baseline -0.004 -21"><span class='ocrx_word' id='word_1_352' title='bbox 163 3815 223 3869; x_wconf 81' lang='lat' dir='ltr'><em>est;</em></span> <span class='ocrx_word' id='word_1_353' title='bbox 251 3802 302 3862; x_wconf 89' lang='lat' dir='ltr'><em>sed</em></span> <span class='ocrx_word' id='word_1_354' title='bbox 321 3800 395 3860; x_wconf 83' lang='lat' dir='ltr'><em>nibil</em></span> <span class='ocrx_word' id='word_1_355' title='bbox 416 3802 514 3862; x_wconf 82' lang='lat' dir='ltr'><em>effecit</em></span> <span class='ocrx_word' id='word_1_356' title='bbox 538 3804 675 3862; x_wconf 81' lang='lat' dir='ltr'><em>bluciann</em></span> <span class='ocrx_word' id='word_1_357' title='bbox 695 3802 809 3883; x_wconf 83' lang='lat' dir='ltr'><em>prolixe</em></span> <span class='ocrx_word' id='word_1_358' title='bbox 829 3812 968 3863; x_wconf 85' lang='lat' dir='ltr'><em>censente</em></span> <span class='ocrx_word' id='word_1_359' title='bbox 992 3818 1049 3879; x_wconf 89' lang='lat' dir='ltr'><em>pru</em></span> <span class='ocrx_word' id='word_1_360' title='bbox 1069 3809 1242 3858; x_wconf 78' lang='lat' dir='ltr'><em>accusatore</em></span> 
     </span>
     <span class='ocr_line' id='line_1_43' title="bbox 163 3879 1239 3966; baseline -0.004 -24"><span class='ocrx_word' id='word_1_361' title='bbox 163 3884 256 3966; x_wconf 76' lang='lat' dir='ltr'><em>(trist.</em></span> <span class='ocrx_word' id='word_1_362' title='bbox 277 3886 328 3957; x_wconf 87' lang='lat' dir='ltr'><em>lV,</em></span> <span class='ocrx_word' id='word_1_363' title='bbox 349 3888 399 3951; x_wconf 73' lang='grc'><em>43.</em></span> <span class='ocrx_word' id='word_1_364' title='bbox 420 3883 495 3961; x_wconf 73' lang='lat' dir='ltr'><em>tt).</em></span> <span class='ocrx_word' id='word_1_365' title='bbox 535 3882 669 3966; x_wconf 80' lang='lat' dir='ltr'><em>Contigit</em></span> <span class='ocrx_word' id='word_1_366' title='bbox 687 3897 785 3943; x_wconf 85' lang='lat' dir='ltr'><em>autem</em></span> <span class='ocrx_word' id='word_1_367' title='bbox 808 3883 854 3957; x_wconf 88' lang='lat' dir='ltr'><em>ei,</em></span> <span class='ocrx_word' id='word_1_368' title='bbox 874 3893 909 3941; x_wconf 89' lang='lat' dir='ltr'><em>ut</em></span> <span class='ocrx_word' id='word_1_369' title='bbox 929 3881 1006 3962; x_wconf 82' lang='lat' dir='ltr'><em>apud</em></span> <span class='ocrx_word' id='word_1_370' title='bbox 1028 3879 1239 3960; x_wconf 84' lang='lat' dir='ltr'><em>Vespasianum</em></span> 
     </span>
     <span class='ocr_line' id='line_1_44' title="bbox 162 3960 1239 4047; baseline -0.003 -24"><span class='ocrx_word' id='word_1_371' title='bbox 162 3987 266 4047; x_wconf 77' lang='lat' dir='ltr'><em>magna</em></span> <span class='ocrx_word' id='word_1_372' title='bbox 284 3965 376 4046; x_wconf 82' lang='lat' dir='ltr'><em>gratia</em></span> <span class='ocrx_word' id='word_1_373' title='bbox 392 3977 422 4024; x_wconf 90' lang='lat' dir='ltr'><em>et</em></span> <span class='ocrx_word' id='word_1_374' title='bbox 435 3964 558 4025; x_wconf 86' lang='lat' dir='ltr'><em>amicitia</em></span> <span class='ocrx_word' id='word_1_375' title='bbox 577 3965 704 4036; x_wconf 85' lang='lat' dir='ltr'><em>valeret;</em></span> <span class='ocrx_word' id='word_1_376' title='bbox 726 3977 828 4025; x_wconf 85' lang='lat' dir='ltr'><em>contra</em></span> <span class='ocrx_word' id='word_1_377' title='bbox 842 3984 927 4044; x_wconf 88' lang='lat' dir='ltr'><em>quem</em></span> <span class='ocrx_word' id='word_1_378' title='bbox 943 3983 1033 4042; x_wconf 86' lang='lat' dir='ltr'><em>quum</em></span> <span class='ocrx_word' id='word_1_379' title='bbox 1047 3982 1114 4021; x_wconf 89' lang='lat' dir='ltr'><em>cum</em></span> <span class='ocrx_word' id='word_1_380' title='bbox 1129 3960 1239 4020; x_wconf 78' lang='lat' dir='ltr'><em>Alieno</em></span> 
     </span>
     <span class='ocr_line' id='line_1_45' title="bbox 163 4041 1237 4128; baseline -0.004 -22"><span class='ocrx_word' id='word_1_381' title='bbox 163 4048 357 4119; x_wconf 85' lang='lat' dir='ltr'><em>coniurasset,</em></span> <span class='ocrx_word' id='word_1_382' title='bbox 379 4068 399 4106; x_wconf 84' lang='lat' dir='ltr'><em>a</em></span> <span class='ocrx_word' id='word_1_383' title='bbox 415 4058 517 4106; x_wconf 88' lang='lat' dir='ltr'><em>senatu</em></span> <span class='ocrx_word' id='word_1_384' title='bbox 537 4047 688 4106; x_wconf 84' lang='lat' dir='ltr'><em>damnatus</em></span> <span class='ocrx_word' id='word_1_385' title='bbox 709 4044 849 4105; x_wconf 81' lang='lat' dir='ltr'><em>novacula</em></span> <span class='ocrx_word' id='word_1_386' title='bbox 868 4056 973 4128; x_wconf 80' lang='lat' dir='ltr'><em>guttur</em></span> <span class='ocrx_word' id='word_1_387' title='bbox 993 4041 1048 4102; x_wconf 79' lang='lat' dir='ltr'><em>sibi</em></span> <span class='ocrx_word' id='word_1_388' title='bbox 1067 4043 1131 4123; x_wconf 82' lang='lat' dir='ltr'><em>ipse</em></span> <span class='ocrx_word' id='word_1_389' title='bbox 1151 4061 1237 4121; x_wconf 83' lang='lat' dir='ltr'><em>prae-</em></span> 
     </span>
     <span class='ocr_line' id='line_1_46' title="bbox 163 4121 1238 4210; baseline -0.006 -24"><span class='ocrx_word' id='word_1_390' title='bbox 163 4128 234 4187; x_wconf 86' lang='lat' dir='ltr'><em>cidit</em></span> <span class='ocrx_word' id='word_1_391' title='bbox 260 4128 364 4210; x_wconf 85' lang='lat' dir='ltr'><em>(Dion.</em></span> <span class='ocrx_word' id='word_1_392' title='bbox 389 4126 469 4188; x_wconf 88' lang='lat' dir='ltr'><em>Cass.</em></span> <span class='ocrx_word' id='word_1_393' title='bbox 490 4128 595 4202; x_wconf 78' lang='lat' dir='ltr'><em>vat,</em></span> <span class='ocrx_word' id='word_1_394' title='bbox 618 4134 663 4187; x_wconf 87' lang='grc'><em>16.</em></span> <span class='ocrx_word' id='word_1_395' title='bbox 690 4149 706 4187; x_wconf 91' lang='lat' dir='ltr'><em>a</em></span> <span class='ocrx_word' id='word_1_396' title='bbox 728 4147 788 4207; x_wconf 87' lang='lat' dir='ltr'><em>quo</em></span> <span class='ocrx_word' id='word_1_397' title='bbox 816 4139 931 4187; x_wconf 88' lang='lat' dir='ltr'><em>tantum</em></span> <span class='ocrx_word' id='word_1_398' title='bbox 950 4123 1112 4185; x_wconf 86' lang='lat' dir='ltr'><em>Marcellus·</em></span> <span class='ocrx_word' id='word_1_399' title='bbox 1138 4121 1238 4203; x_wconf 89' lang='lat' dir='ltr'><em>appel·</em></span> 
     </span>
     <span class='ocr_line' id='line_1_47' title="bbox 163 4204 1239 4287; baseline 0.01 -21"><span class='ocrx_word' id='word_1_400' title='bbox 163 4206 263 4287; x_wconf 86' lang='lat' dir='ltr'><em>latur).</em></span> <span class='ocrx_word' id='word_1_401' title='bbox 304 4209 354 4270; x_wconf 75' lang='lat' dir='ltr'><em>Ad</em></span> <span class='ocrx_word' id='word_1_402' title='bbox 374 4208 403 4268; x_wconf 87' lang='lat' dir='ltr'><em>b.</em></span> <span class='ocrx_word' id='word_1_403' title='bbox 426 4209 446 4269; x_wconf 84' lang='lat' dir='ltr'><em>l.</em></span> <span class='ocrx_word' id='word_1_404' title='bbox 473 4209 679 4273; x_wconf 83' lang='lat' dir='ltr'><em>illustrandum</em></span> <span class='ocrx_word' id='word_1_405' title='bbox 706 4208 817 4271; x_wconf 71' lang='lat' dir='ltr'><em>iniunt</em></span> <span class='ocrx_word' id='word_1_406' title='bbox 840 4208 932 4272; x_wconf 81' lang='lat' dir='ltr'><em>verba</em></span> <span class='ocrx_word' id='word_1_407' title='bbox 958 4209 1028 4273; x_wconf 77' lang='lat' dir='ltr'><em>Tac·</em></span> <span class='ocrx_word' id='word_1_408' title='bbox 1055 4204 1136 4266; x_wconf 76' lang='lat' dir='ltr'><em>Ann.</em></span> <span class='ocrx_word' id='word_1_409' title='bbox 1156 4206 1239 4276; x_wconf 79' lang='lat' dir='ltr'><em>xvn</em></span> 
     </span>
    </p>
   </div>
   <div class='ocr_carea' id='block_1_4' title="bbox 0 0 1488 4810">
    <p class='ocr_par' dir='ltr' id='par_1_4' title="bbox 0 0 1488 4810">
     <span class='ocr_line' id='line_1_48' title="bbox 0 0 1488 4810; baseline 0 0"><span class='ocrx_word' id='word_1_410' title='bbox 0 0 1488 4810; x_wconf 95' lang='lat' dir='ltr'><em> </em></span> 
     </span>
    </p>
   </div>
  </div>
 </body>
</html>
