2970 4808
582 252 894 336 Qm·
1166 254 1318 320 ms

149 404 257 503 ptimo
276 404 359 481 idus
369 404 567 481 Decembris
582 407 790 495 occisus-est,
809 433 877 506 qno
891 432 981 495 anno
996 405 1230 504 Boustaga-

152 519 224 577 stus
257 504 292 575 in
316 503 428 577 iocum
452 505 582 577 Pansae
608 522 640 577 et
661 505 760 577 Hirtii
784 533 820 578 se
842 522 875 579 et
899 503 1230 599 Quintumsl'ediun

152 601 308 675 consules
342 602 485 675 suffecit
540 604 657 677 Statue
680 631 742 675 sex
774 620 808 676 et
859 602 1077 716 ninqnnginta
1109 630 1229 693 annos,

152 698 277 795 quibus
297 728 374 772 mox
390 702 495 773 Divus
510 700 687 797 Augustus
712 730 783 774 rem
805 729 852 801 pn
880 700 974 793 iscam
996 702 1096 789 rexit3
1122 702 1230 775 adiice

151 795 281 869 Tiberii
306 814 373 873 tres
403 816 435 871 et
460 800 577 896 viginti
609 816 641 873 et
671 828 778 900 prope
805 798 1063 901 quadriennium
1093 800 1158 873 Gai
1189 828 1229 874 ao

152 964 315 1027 Caecilium
354 977 511 1029 raetorum.
550 962 596 1029 cf.
624 967 761 1049 disputat
787 965 912 1028 historia
933 967 971 1028 de
992 968 1035 1029 Μ.
1046 967 1154 1028 ‹Tullio
1173 968 1229 1028 Ti-

128 1067 246 1120 Ν1066,
269 1049 311 1109 M.
332 990 368 1108 ei
390 1047 451 1109 Cic.
471 1049 597 1123 liberto,
621 1049 721 1129 script.
736 1049 772 1108 ab
793 1051 814 1109 1.
836 1045 1133 1135 (ἓ.ἘιιςεΙΙποηηεί-.·
1155 1049 1229 1109 Am-

151 1126 368 1191 stelod.1804.
398 1136 426 1189 8.
468 1129 633 1193 Tironiana
654 1130 774 1212 collegit
795 1128 832 1190 A.
852 1129 929 1189 Lien
955 1128 987 1188 in
1015 1131 1141 1191 Seehod.
1167 1130 1229 1192 Ara
1324 1136 1330 1145 '

151 1207 229 1268 chin.
248 1208 269 1269 s.
291 1210 398 1270 Philol.
420 1215 509 1272 1824.
529 1234 558 1294 p.
580 1214 641 1272 246
662 1234 716 1307 ⁸q'.
952 1224 955 1227 ’

234 1311 355 1388 septimo
375 1307 447 1366 Idus
465 1309 638 1367 Decembris
652 1322 690 1353 2·
712 1307 815 1384 Diuus]
838 1306 916 1403 Liqs.
937 1306 1111 1385 Decembris
1128 1306 1229 1367 omiss.

150 1381 184 1444 in
213 1384 305 1449 codd.
332 1400 363 1447 et
388 1398 460 1447 vett.
488 1390 562 1449 Edd.
591 1389 695 1449 adiecit
722 1389 769 1448 vd.
791 1386 888 1470 Pighis
907 1386 1011 1446 Annal.
1038 1388 1073 1447 ad
1100 1409 1125 1447 a.
1147 1393 1229 1465 710,

150 1486 212 1561 qno
235 1467 281 1527 die
301 1466 406 1530 Cicero
427 1476 521 1549 prope
540 1468 637 1528 villam
657 1466 822 1528 Caietanam
843 1468 957 1528 occisus
984 1478 1030 1527 est
1057 1469 1104 1528 vd.
1126 1468 1230 1528 Senis-¹

150 1545 211 1605 hta.
237 1549 394 1615 Vorschui.
416 1571 440 1607 n.
461 1547 523 1610 Cic.
543 1573 571 1629 p.
601 1556 671 1611 222.
697 1549 766 1628 ibiq.
782 1548 893 1614 iaudat.
919 1548 1067 1609 Plutarch.
1095 1547 1157 1608 Cis.
1178 1552 1229 1608 47.

150 1631 200 1687 48.
221 1623 344 1709 Appiani.
366 1634 417 1703 IV,
439 1631 467 1689 4.
486 1630 577 1690 Dion·
598 1628 679 1691 Coss.
695 1631 809 1703 XLVII,
833 1634 878 1689 10.
902 1633 947 1689 11.
975 1627 1038 1688 Liv.
1060 1649 1104 1708 sp.
1125 1629 1228 1688 Senes.

150 1708 271 1785 Suasor,
294 1718 322 1771 7.
350 1710 447 1787 Voles.
469 1712 545 1787 Mox.
566 1717 604 1786 V,
625 1716 653 1773 3.
672 1746 709 1761 -
733 1709 833 1771 .Boch.
862 1710 955 1781 Diuus
981 1708 1013 1768 in
1040 1707 1115 1779 Cod
1143 1710 1229 1782 Fam.

150 1789 293 1857 omissum
314 1790 417 1869 eiecit,
444 1814 536 1873 quom
557 1791 655 1853 statim
682 1791 795 1870 aptiore
814 1791 882 1852 loco
909 1802 1066 1870 repetatur.
1106 1788 1232 1862 Retinui

150 1869 190 1933 ob
211 1870 335 1938 aliorum
363 1870 457 1950 Codd.
485 1885 516 1948 et
535 1873 609 1939 Edd·
637 1875 840 1947 auctoritatem
868 1883 899 1932 et
924 1871 1005 1951 quod
1024 1871 1154 1953 Augusti
1171 1891 1230 1937 no-

149 1949 224 2013 mini
243 1973 359 2033 semper
377 1952 439 2031 sere
459 1951 490 2011 in
510 1952 568 2013 hoc
585 1952 661 2029 Dia,
680 1953 828 2032 praemitti
848 1952 948 2019 soleat.
1197 2023 1200 2027 ¹

232 2034 340 2106 Statue
364 2066 399 2078 ·-
421 2034 519 2095 adiice
539 2058 577 2083 ··-
600 2030 792 2114 colliguntur]
822 2038 843 2093 t.
864 2032 934 2103 etsi
955 2030 1058 2093 statuis
1075 2031 1228 2107 qadiicis
1246 2037 1271 2183 s
1302 2069 1309 2077 -

151 2146 192 2161 -··
214 2113 403 2195 colliguntur.
444 2115 536 2194 Saepe
562 2114 641 2175 enim
661 2135 677 2173 a
700 2113 820 2183 Graecis
849 2126 880 2183 et
904 2113 1016 2188 Latinis
1040 2133 1098 2192 pen
1125 2113 1230 2174 condi-

150 2193 256 2257 tionali
275 2194 480 2257 enuntiatione
498 2194 621 2275 simplex
639 2194 778 2274 ponitur,
798 2196 987 2276 quodbgenns
1004 2192 1118 2273 dicendi
1133 2193 1251 2265 multoi

151 2274 271 2357 gravius
299 2286 386 2354 atque
413 2275 505 2356 magis
533 2275 694 2351 oratorium
724 2297 810 2355 quom
829 2276 958 2357 vulgate.
996 2272 1057 2335 Cio.
1079 2276 1168 2337 Tusc.
1191 2278 1231 2351 11,
1332 2302 1341 2313 ’

154 2361 204 2430 12,
225 2362 275 2415 28.
314 2357 398 2431 Rogo
420 2357 476 2415 boc
496 2356 573 2416 idem
595 2356 776 2437 Epicurum:
806 2362 902 2419 maius
922 2356 1002 2419 dicet
1026 2375 1089 2415 esse
1116 2356 1230 2415 malum

151 2435 328 2503 mediocrem
356 2437 502 2514 dolorem,
529 2458 619 2518 quarn
647 2442 810 2499 maximum
840 2438 963 2501 dedecus
988 2435 1058 2514 ibiq.
1079 2435 1229 2505 Kuohner.

151 2517 257 2591 Quint.
278 2520 409 2590 Χ11,10,
430 2524 478 2579 36.
526 2519 697 2593 Subtilitate
727 2523 885 2581 vincimur:
916 2518 1068 2577 valeamus
1089 2516 1231 2595 pondere.

149 2602 202 2672 ΙΧ,
229 2600 261 2671 4,
288 2602 355 2657 120.
388 2599 492 2657 Horat.
521 2597 608 2658 Satir.
629 2601 654 2671 Ι,
681 2602 709 2673 1,
732 2603 781 2659 451
793 2621 836 2680 sq.
872 2598 943 2677 ibiq.
963 2596 1118 2656 Heindorf.
1139 2600 1176 2671 11,
1198 2603 1228 2672 6,

150 2680 191 2738 48
213 2699 256 2756 sq.
290 2677 388 2738 Bentl.
410 2678 584 2743 Rnddiman.
606 2676 700 2737 lnstit.
719 2680 751 2738 P.
773 2684 857 2760 lup.
878 2683 947 2739 356.
985 2676 1228 2737 stationarios.
1340 2689 1349 2709 ·

150 2757 179 2839 6.
203 2763 269 2818 183.
289 2761 318 2817 5.
354 2759 472 2819 Ruhnk.
493 2759 572 2819 niet.
594 2760 629 2818 ad
651 2758 738 2819 ovid.
759 2760 880 2821 Heroid.
900 2761 930 2833 4,
951 2762 1018 2818 139.
1054 2757 1172 2817 Dissen.
1191 2757 1230 2817 ad

149 2823 258 2899 *sibun
278 2842 303 2913 1,
321 2845 351 2915 6,
368 2846 417 2900 53.
439 2853 469 2900 et
488 2841 524 2900 ad
544 2840 698 2899 Demosth.
720 2842 756 2901 de
777 2840 889 2902 Conon.
904 2862 933 2920 p.
948 2841 1018 2900 284.
1039 2836 1076 2923 de
1097 2838 1229 2898 Graecis.

231 2919 338 2981 Statue
357 2940 412 2980 sea
440 2931 469 2981 et
494 2924 705 3003 qninquaginta
732 2920 842 3005 annos]
883 2919 977 2981 Codd.
1004 2920 1090 2979 Farn.
1117 2919 1228 2979 Vaticc.

150 2998 290 3060 exhibent
314 3020 415 3061 nouem
440 3013 469 3062 et
496 3006 709 3085 quinquaginta
735 3022 844 3077 annos,
876 3000 970 3063 codd.
997 3000 1062 3067 Par,
1083 2999 1171 3059 Vind.
1199 3011 1230 3060 et

149 3080 223 3139 Edd.
253 3092 320 3140 ante
346 3083 426 3162 Lips.
459 3093 525 3144 acto
554 3094 585 3162 et
609 3087 840 3166 quinquaginta,
880 3103 968 3165 quem
994 3102 1049 3139 sex
1076 3090 1106 3140 et
1132 3084 1228 3162 quinq.

149 3162 350 3221 emendantem
373 3158 474 3223 omnes
497 3163 572 3235 Edd.
593 3175 664 3222 sunt
682 3166 775 3222 secuti
793 3172 911 3247 praeter
929 3161 1052 3243 Dronlc
1065 3172 1095 3218 et
1116 3161 1231 3220 Osann:

148 3250 273 3300 octo-et
300 3247 395 3381 quinq.
423 3254 604 3303 revocantes.
631 3242 904 3323 Lips'entendatio
928 3242 1120 3311 confirmatur
1146 3260 1228 3307 com-

27 3336 37 3347 ‘
148 3321 311 3401 putatione
333 3324 363 3381 in
386 3344 401 3382 e
428 3345 445 3383 a
471 3322 623 3384 Ciceronis
649 3335 747 3382 morte
773 3322 864 3400 facts,
903 3321 1078 3384 Ciceronem
1105 3319 1228 3381 interfe-

150 3412 231 3460 ctum
259 3421 324 3461 esse
351 3407 412 3461 v11.
449 3404 489 3462 16.
521 3404 593 3462 Dec.
614 3407 682 3462 711.
703 3405 741 3462 U.
763 3401 798 3464 G.
824 3415 854 3469 et
881 3402 1051 3491 Angustum
1077 3412 1228 3461 mortuum
1266 3410 1271 3423 ¹
1345 3434 1351 3440 ·

150 3485 226 3539 XlV.
248 3478 310 3541 Cn.
329 3483 411 3565 Sept.
430 3489 500 3543 768.
527 3484 588 3552 vd„
603 3483 684 3543 Suet.
706 3484 783 3567 Aug.
805 3490 833 3543 8.
858 3488 987 3565 primum
1013 3504 1079 3542 cum
1099 3483 1142 3543 M.
1163 3480 1228 3540 An·
1468 3486 1469 3559 J

148 3564 229 3621 ionio
241 3563 414 3646 ‘Marcoque
433 3563 562 3646 Lepido,
574 3563 651 3623 ¹dein
673 3574 786 3624 tantum
809 3586 875 3624 curn
895 3564 1024 3625 Antonio
1042 3578 1097 3642 per
1116 3561 1226 3620 duode—
1263 3610 1267 3618 .
1468 3568 1469 3655 q

149 3645 207 3705 cim
223 3640 293 3720 sere
320 3664 431 3721 annos,
457 3648 611 3705 nouissime
635 3664 690 3728 per
710 3656 850 3729 quattuor
874 3656 904 3706 et
924 3643 1125 3731 quadraginta
1146 3643 1228 3709 solus

148 3724 378 3805 rempublicam
398 3731 498 3791 tenuit.
524 3744 527 3753 ’

230 3799 1321 3947 ωωψώωμψώωω.

26 3908 27 3911 ’
149 3883 296 3945 Boettich.
317 3887 391 3955 nin.
409 3890 467 3949 Bac
519 3886 630 3968 (ubivis
653 3888 684 3948 in
706 3888 767 3949 suis
782 3888 857 3947 Edd.
874 3883 968 3966 Tan),
988 3904 1061 3964 quae
1082 3882 1140 3944 scri
1161 3894 1227 3941 tura

150 3965 341 4027 confirmatur
373 3967 518 4051 lapidibus
544 3990 589 4048 ap·
615 3969 738 4030 Gruter.
764 3991 794 4049 p·
813 3973 882 4029 250.
903 3969 993 4041 574,
1020 3963 1120 4024 multis
1140 3906 1227 4023 bonis

150 4041 243 4109 Codd.
265 4059 338 4109 vett.
359 4049 629 4131 serimentum,
660 4062 695 4111 ut
717 4049 921 4133 Gcettemyu.
938 4045 1082 4129 (Guttam
1104 4043 1154 4124 11.)
1175 4041 1226 4104 Ci-

151 4144 228 4201 cen,
256 4139 286 4189 et
308 4130 444 4214 orthogr.
463 4131 569 4199 Graec.
592 4134 687 4209 raus,
710 4133 911 4212 commentato
931 4125 1132 4195 asconius.
1151 4143 1227 4214 qoo-
