2928 4810
283 281 348 343 260
602 273 759 359 Dialogus
782 278 820 338 de
842 276 1025 339 Oratoribus
1057 360 1060 371 ἵ
1197 276 1200 291 ’

284 430 645 534 comperendinationes
667 448 777 524 erant,
802 447 834 503 et
855 428 990 503 modum
1009 423 1150 511 dicendo
1172 427 1238 501 sibi
1255 418 1357 528 quis-⁸

137 628 139 633 Ι
260 561 349 633 ·que
374 531 543 620 sumebat,
577 548 609 604 et
630 558 788 604 numerus
811 556 922 631 neque
948 530 1075 602 dierum
1101 555 1210 628 neque
1234 545 1358 629 patro·

249 704 255 714 '
283 702 390 777 latum,
415 722 504 781 quum
526 699 682 782 Pompeius
706 674 819 761 tantum
842 700 954 760 dicatur
972 682 1089 781 ¹tempus
1110 698 1140 758 in
1158 698 1275 760 iudiciis
1307 696 1358 757 di-

285 783 370 846 eendi
386 782 563 844 astrinxisse.
603 782 679 843 Hinc
699 796 780 844 ortae
802 794 871 843 sunt
889 782 1045 842 formulae:
1068 781 1234 863 clepsydras
1246 790 1359 863 petere

179 890 182 900 ’
285 900 325 914 -
350 866 438 939 dare,
466 884 574 947 aquam
601 865 733 924 dare-
759 868 907 951 postulare
929 865 1007 924 Ptin.
1033 865 1105 944 Epp.
1126 867 1177 937 vt,
1197 869 1268 939 255
1288 885 1358 941 sq.;

284 948 448 1032 clepsydras
466 951 596 1029 occipere
614 950 840 1028 spatiosissimas
858 949 975 1022 11,11.,
994 946 1072 1006 unde
1094 958 1212 1026 apparet
1230 945 1360 1029 clepspr»

233 1036 235 1043 ’
286 1031 351 1090 dtas
379 1028 509 1090 diversae
536 1049 687 1088 mensurae
711 1030 818 1100 fuisse3
847 1027 953 1109 auitam
971 1028 1094 1110 perdere
1116 1027 1218 1101 Quint.
1240 1030 1295 1102 ΧΙ,
1322 1032 1359 1101 3,

261 1117 355 1187 .52.‚
378 1132 457 1194 aqna
478 1109 573 1191 deficit
585 1113 650 1184 xit,
668 1117 696 1188 6,
712 1117 740 1170 5.
781 1111 839 1173 sed
858 1110 893 1169 ab
909 1110 965 1169 boc
982 1130 1106 1169 numero
1127 1110 1191 1193 lege
1210 1107 1361 1190 Pompeia

286 1193 407 1253 definito
428 1192 482 1252 sub
502 1193 725 1273 lmperatoribus
745 1213 1045 1272 nonnunquamesse
1072 1192 1212 1251 descitum
1231 1204 1261 1250 et
1275 1190 1359 1271 “plu-

184 1296 187 1304 ‘
237 1302 239 1309 ·
286 1296 335 1335 res
355 1275 441 1335 boras
469 1274 576 1356 insigni
600 1274 684 1351 alicui
706 1275 817 1335 oratori
843 1295 997 1336 concessas
1017 1273 1191 1355 intelligitur
1217 1295 1254 1333 ex
1274 1274 1358 1353 Epp.

286 1356 364 1417 Ptin.-
388 1355 425 1430 11,
448 1361 496 1430 11,
519 1360 578 1416 14..
597 1378 620 1416 c.
649 1369 746 1427 annot.
776 1357 856 1416 Gier.
886 1357 1056 1417 dimiseris
1086 1377 1180 1437 paene
1208 1359 1357 1438 quinque,-

251 1484 256 1491 .
287 1460 355 1498 nam
376 1439 442 1505 XII.
455 1437 637 1521 clepsydris,
658 1461 733 1520 quos
750 1442 978 1521 spatiosissimas
998 1457 1187 1518 acceperam,
1205 1450 1274 1515 sunt
1295 1436 1357 1501 ad-

286 1514 369 1582 ditae
392 1530 537 1603 quattuor.
565 1521 615 1595 Ν,
643 1526 680 1597 9,·
701 1527 728 1581 9.
770 1520 900 1596 Egeram
925 1520 1008 1578 lroris
1034 1520 1126 1578 tribus
1155 1529 1184 1578 et
1208 1520 1355 1590 dimidia;
1427 1522 1428 1531 ’

286 1613 441 1683 supererat
456 1602 631 1685 sesqnibora.
672 1604 752 1675 Nam
773 1625 859 1682 quum
882 1624 898 1661 e
918 1604 980 1676 lege
1000 1612 1155 1681 acuamur
1172 1623 1226 1660 sea
1247 1602 1355 1675 boras,

288 1686 387 1743 nouem
408 1705 475 1744 reus
495 1687 670 1765 accepisset:
696 1690 740 1743 ita
761 1685 899 1744 diuiserat
928 1695 1040 1764 tempus
1065 1706 1131 1743 reus
1151 1688 1226 1743 inter
1254 1705 1304 1742 me
1324 1693 1355 1742 et

288 1787 375 1840 enm,
399 1769 450 1847 qui
471 1765 598 1833 dicturas
615 1775 684 1847 post
701 1779 783 1839 erat,
812 1777 844 1825 ut
864 1787 916 1841 ego
944 1770 1066 1849 quinque
1086 1767 1183 1840 baris,
1210 1769 1259 1825 ille
1280 1762 1358 1824 reli-⁴

245 1886 247 1893 ,
287 1852 352 1930 quis
378 1857 515 1906 uteretur.
556 1848 589 1907 ln
616 1847 789 1908 declamandi
809 1868 926 1928 quoque
952 1847 1206 1908 exercitationibus
1228 1848 1354 1907 iuvenes

270 1924 273 1937 '
284 1930 322 2071 {d
349 1929 528 2071 {lepspdram
554 1929 695 1990 dicebant,
720 1930 767 1989 vd.
795 1929 856 1991 Cic.
884 1931 972 2001 Tuae,
989 1932 1028 2005 ll,
1049 1936 1099 2004 27,
1121 1936 1178 1990 67.Ἰ
1198 1952 1222 1990 c.
1250 1940 1353 1989 annot.

312 2032 349 2071 ue
372 2033 400 2070 n.
467 2018 473 2033 ¹
990 2033 992 2036 ’
1135 2014 1139 2027 ’
1192 2015 1195 2024 “
1220 2034 1223 2039 ’
1258 2057 1266 2067 .

368 2093 477 2152 liberae
489 2094 803 2175 comperendinationes
816 2092 917 2176 erant]
943 2092 1214 2175 Comperendinatio
1235 2104 1282 2153 est
1297 2110 1353 2151 vo-

288 2174 421 2236 nabulum
428 2176 559 2251 lucense,
579 2177 657 2256 quod
673 2176 815 2258 signifieat
827 2177 992 2237 dilationem
1004 2176 1045 2236 rei
1056 2175 1101 2235 vel
1113 2198 1224 2249 causae,
1246 2175 1283 2251 de
1297 2194 1356 2254 qua

179 2330 182 2339 .
288 2256 443 2339 agebatur,
467 2257 496 2317 iu
517 2258 593 2317 diem
613 2257 812 2318 tertiumsive
825 2260 1012 2340 perendinum
1032 2257 1108 2338 (Cic.
1123 2279 1166 2317 or.
1178 2281 1221 2339 pr.
1235 2259 1354 2316 bluren.

291 2337 363 2418 12:).
383 2339 454 2400 'Sed
466 2328 623 2400 utebantui
633 2341 755 2401 Romani
772 2353 889 2421 quoque
902 2341 930 2399 b.
946 2364 973 2399 v.
986 2342 1022 2400 de
1038 2340 1170 2421 longiore
1181 2361 1262 2399 mora
1273 2340 1354 2398 inter

253 2491 258 2499 ⁸
288 2421 413 2503 primum
434 2433 463 2482 et
483 2422 640 2483 secundum
666 2422 803 2482 iudicium
825 2423 1003 2503 interposita.
1023 2423 1070 2482 vd.
1090 2421 1151 2483 Cic.
1172 2426 1258 2482 Verr.
1278 2424 1302 2494 l,
1325 2427 1351 2481 7.

290 2506 342 2577 Ν,
361 2508 408 2563 15.
445 2498 510 2563 Atia
531 2515 592 2564 erat
610 2504 639 2563 in
654 2505 772 2585 privatis
789 2505 894 2580 causis,
917 2505 941 2565 si
955 2504 1071 2584 utrique
1085 2504 1243 2588 litigantes,
1265 2515 1354 2590 post:

291 2600 408 2665 eaquam
427 2586 514 2645 iudex
532 2587 614 2647 datus
636 2599 732 2661 esset,
762 2587 1017 2668 comperendinum
1036 2586 1129 2661 diem4
1160 2599 1194 2646 ut
1216 2587 1251 2646 ad
1273 2584 1354 2644 iudi-

291 2689 353 2727 eem
374 2669 525 2740 venirent,
549 2668 758 2729 denunciabant
777 2670 823 2729 vd.
844 2669 910 2730 Gaii
929 2672 998 2729 lost.
1019 2670 1070 2742 Ν,
1096 2675 1140 2729 15.
1181 2668 1270 2749 Apud
1286 2670 1353 2728 Ma-

291 2748 371 2809 erob.
392 2748 451 2811 Sat.
473 2752 495 2825 Ι,
520 2756 564 2810 15.
592 2752 806 2832 comperendini
829 2752 891 2831 dies
918 2762 1002 2826 suaet,
1028 2751 1128 2833 quibus
1155 2752 1354 2815 uadimonium

292 2832 389 2890 dicere
409 2833 491 2904 licet,
511 2831 532 2895 i,
551 2854 575 2893 e.
593 2831 622 2891 iu
646 2854 719 2913 quos
741 2834 898 2894 transferre
920 2833 989 2894 lieet
1009 2854 1109 2894 causae
1132 2833 1284 2893 actionem.
1320 2835 1353 2891 ln

291 2912 414 2994 publicis
440 2915 533 2974 causis
561 2916 822 3000 comperendinatio
851 2916 928 2988 erat,
955 2937 1010 2994 qua
1030 2927 1098 2996 post
1117 2914 1237 2996 primam
1258 2913 1353 2974 actio·
1425 2974 1426 2999 ἦ

291 3016 358 3055 nem
378 3017 430 3056 reo
445 3008 475 3055 et
493 2997 653 3059 accusatori
672 2997 770 3057 dilatio
790 3019 890 3061 causae
901 2997 934 3059 in
949 2998 1102 3077 secundam
1115 2997 1258 3057 actionem
1277 3016 1352 3056 con-

292 3076 463 3153 cedebatur,
483 3078 515 3138 in
536 3101 590 3159 qua
613 3076 711 3138 utrum
732 3090 881 3140 aecusator
893 3101 929 3139 an
950 3100 1018 3140 reus
1038 3079 1138 3160 priore
1157 3079 1225 3140 tuce
1244 3076 1355 3137 dixerit

253 3156 258 3171 '
291 3159 435 3219 incertum
455 3172 527 3220 est'
549 3163 626 3243 Lege
646 3156 766 3221 Servilii
782 3161 918 3223 Glauciae
937 3161 1004 3221 trib.
1030 3160 1131 3242 plebis.
1143 3161 1213 3221 baec
1231 3181 1354 3241 compe-

227 3286 231 3293 .
291 3242 461 3302 rendinatio'
475 3242 600 3327 legitima
620 3243 695 3318 suit,
722 3256 788 3304 ante
807 3266 892 3326 quam
917 3255 967 3303 aut
992 3243 1087 3303 statim
1109 3243 1252 3303 ienteutia
1271 3242 1353 3302 dice-

291 3323 395 3397 batur,
422 3324 447 3385 ai
468 3325 660 3386 absolvendus
681 3338 759 3386 esset
777 3348 860 3402 reus,
883 3336 933 3386 aut
952 3328 1075 3406 amplius
1095 3324 1354 3406 pronunciabatur,

292 3405 318 3464 si
337 3405 487 3467 videretur
504 3428 569 3467 esse
588 3408 781 3483 damnandus,
811 3422 899 3489 quum
922 3408 1062 3469 dixissent
1084 3407 1193 3468 iudices
1214 3407 1245 3466 in
1266 3426 1355 3466 eausa

291 3485 417 3548 obseura
435 3511 491 3549 nun
510 3492 614 3571 liquet,
641 3512 713 3571 quae
732 3502 795 3550 erat
813 3493 973 3574 ampliatio.
1013 3489 1300 3549 Vd.'Pseudoasoon.
1321 3488 1355 3547 in

292 3569 353 3631 Cic.
371 3573 457 3630 Vere.
477 3573 513 3643 ΙΙ,
538 3578 565 3645 1,
587 3579 615 3648 9,
636 3579 684 3632 26.
720 3573 781 3632 lud.
800 3573 889 3656 Legg.
916 3571 947 3630 in
974 3570 1126 3631 Onomast.
1152 3570 1229 3630 Tull.
1248 3571 1281 3630 P.
1302 3570 1353 3629 lll.

292 3674 321 3733 p.
342 3658 402 3712 270
419 3675 462 3732 sq.
497 3654 592 3714 Reier.
618 3655 653 3714 ad
679 3653 739 3716 Cic.
760 3665 845 3714 oratt.
872 3675 916 3734 pr.
935 3652 1012 3711 Tull.
1033 3666 1087 3713 ete.
1114 3675 1142 3734 p.
1164 3659 1231 3712 180.
1265 3652 1355 3712 Reiu.

267 3735 396 3805 'baem
422 3735 545 3795 Privatr.
569 3758 597 3818 p.
618 3730 676 3796 459
691 3759 734 3817 sq.
781 3715 1143 3817 Comperendinationum‚
1168 3740 1242 3814 quae
1268 3746 1355 3793 antea
1424 3736 1425 3755 ¹

290 3814 398 3875 liberae
417 3831 515 3886 erant,
537 3819 658 3899 spatium
679 3832 709 3878 et
724 3840 874 3879 numerum
894 3830 996 3899 postea
1015 3817 1266 3898 circumscriptum
1287 3836 1355 3877 esse
1423 3858 1424 3911 ᾗ

274 3889 370 3978 'patet
389 3919 424 3957 ex
443 3901 517 3960 Plin.
537 3903 610 3981 Epp.
633 3903 682 3974 Vl,
703 3908 733 3973 2,
756 3908 783 3960 6.
850 3915 854 3920 '

369 3991 398 4038 et
418 3983 533 4041 modum
555 3983 673 4043 dicendo
694 3984 751 4042 sibi
770 3978 884 4067 quisque
903 3979 1054 4063 sumebat]
1072 3983 1098 4040 E
1118 3978 1191 4042 Cnd.
1204 3983 1289 4041 Farn.
1302 4001 1355 4041 re·

289 4061 353 4142 cepi
369 4062 491 4121 dicendo
511 4087 555 4147 pr.
572 4066 650 4147 vulg.
671 4065 787 4123 dicendi
804 4088 868 4125 cum
889 4065 1008 4139 Baebio,
1029 4064 1079 4144 qui
1096 4064 1212 4142 quidem
1225 4064 1260 4122 acl
1274 4060 1354 4123 Anu.

289 4147 325 4216 11,
347 4147 396 4203 46.
421 4167 507 4205 usum
527 4147 614 4205 dativi
636 4147 737 4206 Tacito
759 4169 813 4228 pro
833 4147 962 4230 genitivo
982 4143 1232 4204 familiarissimum
1253 4143 1354 4204 multis

284 4225 423 4317 exemplis
438 4225 575 4303 illustrat,
594 4229 644 4288 sed
658 4240 752 4289 tamen
764 4228 872 4290 rectius
887 4228 1001 4288 laudare
1011 4225 1354 4307 poteratBoetticb.Lex.
1422 4306 1423 4309 Ἴ
