2968 4810
511 371 514 376 Ι
601 275 692 360 Gap(
711 276 788 365 Vn,
1194 279 1272 370 litv

154 438 368 523 quaesturam
387 443 443 500 aut
460 422 665 505 tribunatum
686 436 743 503 out
765 444 962 531 praeturam
978 432 1112 535 accepi,
1136 453 1236 534 quam

153 549 233 612 eos,
260 526 386 627 quibus
410 527 492 600 milri
513 556 576 629 pro
599 528 828 602 mediocritate
852 532 952 604 huius
974 530 1238 632 quantulaeconz

153 649 220 721 que
246 626 279 695 in
304 625 447 697 dicendo
479 626 643 701 facultatis
669 645 726 701 out
750 656 844 701 reum
867 659 1030 733 prospere
1057 629 1237 704 defendere

152 738 211 793 aut
244 723 337 823 opud
369 727 589 798 centumviros
620 754 753 799 causam
786 724 931 826 aliquam
967 729 1237 805 feliciterutere

151 836 210 892 aut
231 818 326 922 apud
349 817 535 926 principem
562 826 655 926 ipsos
683 824 760 899 illos
782 824 920 903 tibertus
945 846 977 903 et
1001 844 1237 929 procuratores
1262 882 1264 903 .

150 976 311 1072 spasianus
330 1002 455 1081 egeram
480 993 573 1075 Saepe
594 1015 641 1076 ap.
661 993 766 1069 Quint.
789 992 828 1069 X,
849 996 880 1067 5,
900 999 950 1055 21.
980 1015 1105 1078 quarum
1129 999 1237 1079 (mate-

150 1071 278 1214 riarump
299 1095 374 1133 nune
386 1074 540 1153 facillima
563 1085 592 1135 et
611 1080 749 1137 maairue·
754 1073 941 1153 favorabilia
962 1079 1123 1158 decerpunt
1141 1080 1192 1143 ubi
1208 1101 1236 1141 r.

150 1155 258 1215 Frotsc
281 1201 288 1214 .
309 1157 375 1232 Xll,
398 1161 447 1232 10,
469 1159 517 1219 74.
559 1155 615 1216 Est
644 1160 722 1218 enim.
748 1157 878 1216 iucunda
899 1163 971 1218 auri
998 1180 1036 1219 ao
1057 1159 1237 1238 fauorabilis

151 1238 326 1315 eloquentia.
376 1235 516 1311 Ceterum
543 1238 662 1313 Tacitus
694 1237 787 1299 multa
821 1238 962 1317 adiectiva
996 1240 1084 1302 huius
1116 1244 1235 1323 ¹generis
1284 1246 1288 1259 ’

150 1329 293 1398 usurpat,
313 1330 352 1390 ut
371 1320 534 1395 instabilis,
555 1320 754 1393 insociabilis,
776 1321 970 1397 intestabilis,
986 1325 1235 1401 impenetrabilis,

150 1400 352 1459 irrevocabilis
381 1401 428 1460 vd.
448 1400 586 1485 Ruddim.
617 1402 713 1460 instit.
734 1403 767 1461 Ρ.
789 1402 823 1460 ll.
844 1424 873 1482 p.
896 1407 944 1462 99.
973 1403 1017 1475 ed.
1046 1403 1148 1467 srattb.
1189 1407 1236 1473 Dc

149 1479 328 1542 formatione
347 1480 454 1543 horum
475 1481 687 1547 adiectirorum
706 1482 738 1541 in
759 1482 825 1552 bilis
848 1482 884 1543 el.
909 1483 1057 1547 Ecbsteiu.
1087 1485 1124 1547 ad
1146 1489 1236 1547 Voss.
1298 1483 1301 1489 ’

149 1559 312 1643 Aristarch.
323 1581 362 1643 p.
384 1568 453 1624 717.
823 1640 827 1645 μ
1267 1628 1278 1663 Ι

232 1665 421 1734 quaesturam
443 1688 482 1703 -
504 1650 626 1734 accepi]
646 1651 792 1733 Accipere
811 1656 1021 1728 magistratum
1041 1653 1137 1716 rarius
1162 1653 1236 1716 dict.
1260 1666 1271 1725 ,¹

149 1746 202 1796 tur
227 1759 313 1816 quam
331 1756 442 1818 sapere
462 1756 541 1810 mag.
562 1735 686 1795 Sueten.
706 1735 783 1816 Aug.
807 1738 854 1793 10.
881 1739 1065 1799 consulatum
1086 1739 1235 1818 accipere.
1249 1736 1261 1795 f

149 1816 320 1900 Ptinfupp.
340 1820 380 1897 X,
394 1823 450 1901 ‘⁸l·
487 1816 624 1892 Traian,
644 1815 697 1877 ubi
716 1827 842 1894 utraque
859 1815 986 1876 formula
1005 1829 1109 1879 exstat

233 1919 287 1968 aut
309 1909 604 1988 apud-centumuiros
617 1926 739 1977 causam
761 1906 893 1984 aliquam
905 1904 1039 1991 selr'citer
1055 1904 1162 1989 orare]
1183 1908 1235 1967 lu-

151 1987 259 2049 dicium
280 2001 397 2050 centum
417 1989 551 2049 virorum
579 1987 643 2048 sire
671 1985 880 2047 centumvirale
903 1988 1055 2049 constabat
1074 2009 1091 2049 e
1112 1986 1166 2049 CV
1186 1988 1237 2048 iu«
1286 1994 1292 2005 '

151 2068 284 2145 ditibus,
305 2092 396 2149 quum
416 2068 495 2129 terni
514 2089 531 2128 c
552 2066 674 2149 singulis
695 2066 851 2142 tribubus,
873 2090 947 2147 quae
960 2069 1081 2151 triginta
1103 2069 1234 2150 quinque

150 2162 246 2229 eraut,
269 2151 460 2232 eligerentur,
481 2145 532 2229 qui
545 2158 672 2221 'numero
686 2149 851 2215 summatim
866 2150 966 2229 posito
984 2150 1168 2211 Centumviri
1181 2164 1234 2232 op'·

150 2230 344 2312 pellabantur.
385 2230 554 2293 institutum
575 2240 621 2290 est
640 2229 699 2290 hoc
719 2229 859 2305 iudicium
881 2231 957 2291 eirea
982 2253 1093 2292 anuum
1112 2237 1174 2292 520
1193 2239 1233 2297 U.

151 2310 198 2386 G,
217 2313 317 2389 nullo,
334 2313 414 2393 quod
429 2311 562 2386 sciamus,
585 2311 697 2373 ordinis
712 2311 889 2373 discrimine.
925 2312 982 2374 Hic
999 2334 1139 2377 nummus
1156 2311 1234 2374 iudi·-

151 2415 218 2454 cum
238 2394 294 2454 sub
312 2393 542 2475 imperatoribus
562 2392 647 2454 valde.
665 2404 767 2455 auctus
788 2406 854 2470 est,
875 2414 965 2474 quum
986 2394 1061 2456 Plin.
1083 2396 1157 2477 Epp.
1179 2398 1232 2472 tt,
1272 2414 1284 2433 s
1389 2439 1393 2446 -

149 2479 199 2534 33.
216 2460 337 2550 barret,
365 2474 476 2535 sedisse
505 2475 616 2535 iudices
647 2475 765 2535 ceo'tum
792 2487 824 2536 et
852 2476 1003 2558 octogiuta
1029 2476 1062 2537 io
1091 2488 1233 2557 quattuor

149 2556 254 2616 iudicia
282 2557 345 2617 sive
364 2556 521 2617 tribunalia
545 2555 741 2643 distributos,
769 2557 849 2617 unde
868 2558 1057 2639 quadruplex
1080 2560 1232 2623 commum

149 2637 273 2718 appellat
297 2639 324 2698 E
344 2661 372 2719 p.
394 2639 417 2713 l,
443 2643 509 2712 18„
538 2637 617 2718 quod
649 2636 681 2697 in
710 2637 857 2699 basilicam
884 2638 984 2699 lulium
1012 2640 1079 2722 cogi
1110 2639 1232 2701 solebat.

148 2719 296 2800 Tempore
322 2661 431 2780 liberae
460 2720 504 2780 rei
529 2718 662 2799 publicae
681 2740 744 2779 uon
773 2731 881 2779 mutam
909 2710 1233 2801 auctoritatemqua'n·

148 2810 207 2861 hm
233 2800 339 2861 iudicia
366 2800 483 2881 publica
513 2800 674 2875 habebant,
703 2802 841 2880 moniam
869 2801 900 2860 in
927 2801 984 2862 illis
1009 2803 1088 2862 leves
1117 2813 1231 2863 tautum

148 2902 251 2942 musae
279 2882 459 2964 agebantur,
499 2883 552 2942 sed
578 2882 634 2942 sub
663 2882 909 2963 imperatoribus,
938 2884 1110 2963 praesertim
1137 2895 1232 2947 aetate

147 2963 260 3038 Taciti,
284 2963 374 3024 Plinii
397 2976 427 3023 et
443 2963 621 3039 Quintiliani
641 2964 769 3044 primum
789 2964 886 3027 locum
908 2964 1081 3027 obtinebant
1101 2964 1137 3027 cl.
1159 2966 1231 3025 Dia-
1284 2996 1286 2999 v

147 3042 206 3127 lug.
228 3066 273 3126 ep.
294 3051 343 3105 38.
382 3045 496 3105 Plinius
517 3044 689 3121 Secundus,
709 3057 746 3106 ut
766 3057 885 3127 apparet
905 3066 941 3106 ex
965 3046 1028 3107 eius
1049 3048 1124 3133 Epp.
1141 3049 1164 3123 Ι,
1183 3050 1230 3106 15.
1402 3096 1416 3121 .,

147 3127 185 3201 ll,
208 3130 256 3188 14.
296 3128 349 3201 lV,
374 3131 419 3186 16.
454 3129 591 3187 Vter.
610 3129 662 3201 lX,
686 3133 754 3201 rs,
789 3148 888 3187 musas
916 3128 1101 3208 potissimum
1129 3126 1232 3188 orabat
1289 3196 1294 3202 Ι

146 3207 389 3281 centumvitales,
416 3228 487 3288 quas
510 3205 685 3268 Ciceronem
709 3229 859 3286 nunquam
880 3209 976 3290 egisse
1007 3208 1152 3291 legimus,
1178 3209 1230 3289 qui

146 3288 184 3349 de
205 3289 289 3349 Orat.
311 3291 334 3363 l,
360 3293 409 3361 38,
435 3294 502 3348 173.
531 3288 602 3348 baec
623 3287 761 3368 scripsit:¹
786 3292 903 3347 iactare
924 3309 956 3347 se
983 3292 1134 3348 incautis
1162 3310 1230 3348 cen-

146 3369 368 3441 tumviralibus,
396 3372 428 3447 in
447 3369 551 3449 quibus
571 3372 803 3445 usucapionem,
823 3371 1002 3443 tutelarum,
1020 3372 1230 3444 gentilitatem,

43 3491 46 3498 -
146 3454 357 3524 agrariorum,
380 3450 567 3522 alluvionum,
591 3449 858 3522 circumlurionum,
880 3470 1045 3525 nemorum,
1066 3447 1230 3531 rirarrripr'u-

145 3553 212 3590 rum
212 3575 230 3617 θ
257 3533 426 3610 parietum,
454 3530 614 3603 luminum,
646 3531 882 3606 stillicidiorum,
909 3541 1150 3591 testamentorum
1177 3556 1229 3593 ru·

143 3621 264 3694 pturum
285 3622 339 3672 aut
361 3621 496 3672 ratarum
519 3621 744 3689 ceterarumque
764 3633 862 3671 rerum
882 3612 1136 3674 innumerabilium
1160 3618 1230 3676 iura

146 3704 307 3755 rersantur.
349 3690 395 3758 Cf.
416 3694 487 3752 Ero.
510 3690 554 3753 Cl.
578 3689 639 3752 Cic.
672 3713 695 3751 s.
717 3713 745 3753 r.
778 3692 934 3752 Zimmem.
955 3693 1064 3754 Gescb.
1085 3695 1112 3754 d.
1134 3698 1227 3759 >Ram
1259 3756 1265 3763 ,

41 3816 48 3821 -
138 3775 269 3916 p’riratr.
298 3780 326 3836 3.
348 3773 415 3833 Tbl.
437 3772 465 3855 5.
488 3775 630 3833 14-16.
666 3773 702 3831 Κ.
722 3775 759 3832 A.
779 3773 942 3841 Schneider
967 3775 1003 3835 de
1031 3779 1228 3837 centumvira-

157 3879 180 3918 rs
208 3856 309 3918 iudicii
335 3850 413 3936 apud
436 3839 592 3916 ⁸Romanos
621 3852 744 3936 origiue.
774 3855 917 3915 Rostorh.
943 3859 1030 3916 1835.
1057 3864 1086 3916 8.
1123 3856 1157 3919 C.
1187 3861 1226 3920 G.

145 3940 252 4018 Zumpt
270 3938 346 3998 iiber
367 3940 545 4019 Ursprung,
575 3937 665 3996 Fortu
693 3935 756 3995 uod
776 3932 1029 4021 Redeffldes
1054 3936 1227 4001 Centumri.

144 4018 324 4101 ralgericbts.
354 4018 433 4078 Rerl.
456 4024 545 4078 1838.
565 4019 594 4078 4.
1216 4060 1221 4067 ·

224 4092 303 4181 tps'm
328 4102 395 4159 illos
422 4100 543 4159 libertos
565 4107 596 4157 et
620 4108 833 4187 procuratores
850 4100 1049 4196 principum]
1074 4103 1225 4179 Quantum

142 4181 235 4264 gratia
253 4179 418 4262 principem
440 4177 601 4243 duruerint
620 4179 656 4241 ab
680 4179 776 4263 iisque
794 4180 827 4242 iu
849 4179 980 4243 mamam
1000 4182 1154 4249 amicitiam
1174 4185 1224 4246 ab
