2968 4810
271 286 323 357 so
603 286 824 373 namma
849 282 1058 399 mamea·
1166 341 1172 349 ,

275 434 892 547 sunt‚²quod²sina'ounimsndnttnnc
906 436 1362 532 natalium-siriesnbnatn

277 544 323 618 tia
344 540 565 632 tantarum.
593 558 725 616 neuter·
741 542 893 616 moribus
911 542 1099 639 emina,
1132 541 1218 614 attan
1234 540 1361 619 ltabitu'
1450 558 1457 571 '

215 654 219 661 '
274 669 414 742 quoque
430 646 584 742 corporis
601 658 830 742 contemptos,
854 670 917 742 per
932 640 1150 714 multos-iam»
1165 664 1284 712 annos·
1296 664 1361 740 pn·-

274 741 451 821 tentissimi
476 756 555 813 sunt
574 741 733 830 ciuitatis,
752 757 806 813 en
818 740 925 814 donec
942 738 1258 841 libuitpptincipes
1280 737 1359 828 lori,

352 931 520 995 Misimia
536 926 744 1014 sambiam]
777 932 986 995 ”substantia
1012 930 1047 1013 (io
1067 952 1097 1011 q·
1118 932 1216 998 Οὐσίαν
1235 929 1361 1008 fixam

271 1011 433 1096 indumen)
465 1013 587 1093 nomine
612 1025 761 1097 argentea⁸
773 1025 853 1090 aetas
866 1072 869 1077 ,
881 1014 1044 1095 exprimere
1072 1013 1187 1095 coepit¹
1204 1011 1361 1097 *quidquid

271 1095 384 1156 vellent
418 1092 544 1166 solidum
582 1108 779 1175 constansque
809 1093 840 1154 in
871 1095 961 1154 rcbns
988 1093 1151 1175 appellare,
1188 1092 1359 1169 essentiam,

270 1188 423 1251 naturam,
445 1175 629 1256 existentiam
649 1177 740 1251 adca,
770 1197 843 1256 quae
865 1196 946 1237 nuno
965 1170 1066 1239 vecari
1093 1175 1197 1237 solet«
1227 1178 1357 1237 Gesner.

270 1258 361 1319 Thes.
390 1279 413 1318 s.
436 1279 464 1318 u.
491 1257 642 1340 Spalding.
669 1259 704 1318 ad
734 1258 840 1332 Quint„
862 1260 912 1319 Vl.
938 1263 1121 1337 prooem-i.
1154 1257 1257 1319 Aurei.
1280 1256 1358 1319 Vict.

196 1336 200 1345 ’
271 1339 359 1422 Orig.
378 1339 418 1399 G.
438 1340 475 1400 R.
496 1340 576 1398 ΧΙΧ.
595 1349 788 1418 paternorum
802 1339 945 1399 bonorum
964 1340 1140 1399 substantia.
1166 1338 1257 1400 Paull.
1273 1338 1358 1398 Sent.

269 1421 309 1497 ll,
329 1418 379 1482 28.
401 1419 429 1502 §.
454 1424 479 1479 1.
508 1421 676 1481 substantia
704 1425 751 1493 rei
761 1452 765 1457 -
769 1420 958 1499 familiaris..
980 1421 1097 1481 Firmic.
1122 1422 1254 1483 ¹Materne
1275 1420 1357 1495 vsi.

268 1502 408 1583 Propriis
443 1512 543 1561 tamen
577 1502 728 1567 laboribus
760 1502 944 1563 substantiae
964 1542 968 1549 -
971 1501 1154 1580 facultatem
1189 1505 1356 1584 acquirens.

268 1583 348 1645 Dict.
369 1581 505 1644 Cretens.
525 1585 549 1658 l,
573 1587 621 1645 17.
632 1581 888 1664 facultas'opum.
1211 1617 1215 1621 ·

273 1718 283 1745 ε
352 1695 432 1754 alter
457 1695 560 1753 babitu
595 1716 708 1777 quoque
737 1698 872 1774 corporis
900 1690 1099 1777 contemptus]
1137 1692 1287 1771 Habitus,
1320 1684 1358 1755 u't

269 1776 376 1837 Graec.
402 1780 511 1851 σχῆμα,
540 1775 650 1835 dicitur
678 1776 715 1835 de
743 1797 797 1836 cor
818 1776 879 1837 oris
900 1776 1002 1836 forma
1021 1799 1054 1837 ac
1083 1776 1198 1858 specie,
1226 1777 1262 1837 de
1290 1776 1356 1837 eius

268 1870 364 1929 motu,
387 1854 582 1937 dispositione
598 1855 768 1940 (Haltung).
788 1798 856 1937 'lan
878 1859 980 1919 Germ.
1001 1861 1029 1919 t.
1049 1859 1168 1918 babitus
1189 1879 1355 1940 corporum.

267 1938 370 2022 Agris.
393 1942 441 1997 11.
467 1941 575 2018 positio
604 1928 688 1996 coeii·
701 1941 874 2019 corporibus
898 1938 1032 1999 babr'tam
1054 1941 1143 1999 dedit.
1174 1941 1279 2015 Quint.
1300 1938 1355 2016 lX,

188 2037 192 2043 ·
270 2024 302 2094 1,
326 2027 372 2081 10.
392 2023 469 2077 sicut
489 2022 519 2078 in
540 2021 729 2099 corporibus,
758 2018 877 2103 quibui,
903 2042 1017 2105 quoquo
1038 2022 1126 2081 modo
1146 2033 1219 2099 sunt
1236 2028 1356 2102 compo-

269 2106 348 2179 sita,
380 2104 479 2181 utique
507 2102 625 2159 baritus
646 2112 690 2161 est
712 2105 829 2184 aliquis.
869 2106 1063 2183 Frequenter·
1079 2102 1269 2165 consociatur
1287 2122 1356 2162 cnm

268 2202 335 2243 voc.
364 2183 459 2240 cultris
488 2181 556 2264 (qni
582 2183 713 2243 refertur
729 2186 768 2244 'ad
789 2184 1143 2264 exteriorem'oruatum)
1172 2196 1222 2244 aut
1251 2187 1353 2244 uultus.
1465 2190 1466 2211 ³

267 2265 337 2325 Tac.
366 2262 479 2345 Dialog.
510 2268 556 2324 12.
574 2262 576 2265 ’
593 2265 649 2323 baa
673 2269 803 2346 primum
832 2268 936 2326 babitu
965 2270 1109 2347 cultuque.
1147 2262 1223 2324 dnn.
1253 2267 1277 2341 l,
1306 2271 1354 2325 to.
1426 2325 1433 2331 ,

149 2412 153 2419 ,
267 2345 420 2420 Augustus
450 2377 494 2399 -.
517 2347 664 2426 quaedam
695 2348 732 2406 da
747 2350 863 2407 'babitu
894 2349 1031 2429 cultuque
1061 2358 1091 2406 et
1117 2349 1258 2406 institutis
1292 2349 1355 2405 eius
1435 2408 1439 2414 ,

269 2431 386 2486 iecerat·
401 2424 453 2484 ubi
473 2446 502 2486 v.
524 2428 602 2507 Rup.
621 2430 660 2499 ll,
681 2430 834 2512 aosvng.
856 2430 974 2511 Georg:
989 2433 1012 2505 l,
1034 2432 1082 2488 52.
1104 2428 1222 2488 babitus
1241 2430 1353 2487 cultus-

270 2529 326 2590 que
346 2511 486 2568 Iocorum.
516 2508 584 2567 Tac.
606 2509 684 2569 Hist
705 2512 742 2586 lt,
763 2518 812 2572 52.
844 2514 950 2583 uoltum
973 2512 1162 2589 habitumque
1182 2509 1303 2569 trabere
1323 2512 1355 2568 in

270 2591 407 2659 deterius.
437 2586 496 2649 'Cb
525 2589 673 2650 Boettich.
703 2592 774 2661 Lex.
787 2594 790 2601 '
804 2594 872 2655 Tac.
903 2591 1038 2653 Bounell.
1067 2591 1172 2666 Quint.
1193 2614 1216 2651 s.
1238 2612 1268 2653 v.
1295 2592 1354 2650 ba-

268 2672 354 2730 bitus.
396 2742 399 2747 ,
995 2676 998 2685 ’
1206 2738 1209 2743 ,

347 2777 547 2857 potentissimi
564 2785 632 2834 sunt
646 2768 800 2859 ciuitatis]
837 2779 871 2841 ln
893 2776 1009 2838 civitate
1038 2776 1102 2836 sive
1122 2776 1201 2837 inter
1221 2776 1353 2858 reliquos

265 2856 350 2937 ,ciues
372 2855 540 2936 eloquentia
568 2878 708 2919 summam
737 2859 898 2939 potentiam
927 2862 1180 2920 etauctoritatem
1201 2859 1355 2920 consecuti

271 2943 350 3001 snut.
380 2938 441 3025 Vd„
458 2935 534 2998 Dial.
558 2942 603 2998 13.
626 2939 740 2999 Histor.
763 2943 797 3011 ll,
821 2945 869 3015 to,
892 2947 940 3001 53.
962 2943 1013 3017 Ν,
1035 2947 1062 3002 6.

356 3041 449 3101 donea
469 3039 570 3123 libuit]
591 3042 666 3102 Dial.
686 3046 734 3105 40.
776 3038 890 3107 Nostra
909 3036 1023 3127 ¹quoque
1043 3050 1164 3120 ciuitas,
1192 3046 1353 3112 doneoer-
1407 3032 1412 3041 ’

272 3126 352 3184 cauit
372 3134 428 3183 etc.
461 3123 556 3183 Hand
583 3124 672 3184 Turs.
701 3125 769 3187 Vol.
798 3128 830 3186 ll.
860 3148 888 3207 p.
916 3134 985 3187 295.
1027 3127 1104 3187 »Ubi
1135 3127 1211 3189 ratio
1238 3122 1363 3187 defiuiti-

150 3258 152 3267 .
217 3229 220 3234 ·
271 3205 417 3287 temporis
444 3215 490 3265 est
518 3203 658 3283 simplex,
687 3219 775 3288 atque
802 3207 911 3287 aliquid
939 3208 1047 3269 dicitnr
1075 3209 1163 3270 simul
1190 3229 1256 3269 csse
1285 3227 1352 3269 mm

272 3287 386 3361 aliare,
406 3296 456 3345 aot
474 3306 540 3347 esse
560 3286 595 3344 ad
617 3285 740 3366 aliquem
762 3311 856 3370 usque
874 3290 1042 3364 terminum,
1064 3286 1095 3350 in
1112 3312 1173 3370 quo
1188 3290 1266 3351 aliud
1282 3287 1353 3369 qnid

272 3381 428 3445 externum
448 3367 564 3426 accedat
588 3367 635 3427 vel
656 3369 782 3430 fortuito
801 3371 847 3431 uel
868 3384 948 3432 certe
969 3393 1030 3431 non
1050 3391 1086 3431 ex
1115 3373 1160 3433 rei
1180 3371 1353 3437 necessitate

273 3461 326 3510 aut
347 3450 384 3509 de
411 3448 554 3521 consilio,
584 3447 625 3509 ihi
646 3451 769 3530 ponitur
793 3452 975 3515 indicativus.
1026 3450 1226 3519 Coniunctivo
1254 3463 1352 3512 autem
1376 3462 1387 3489 ¹

274 3530 360 3590 locus
380 3542 444 3602 cst,
469 3529 521 3589 nbi
539 3529 695 3591 intercedit
715 3555 807 3593 nexus
827 3534 952 3615 partium
974 3535 1135 3617 temporis,
1165 3546 1195 3594 et
1213 3554 1260 3593 res
1281 3550 1352 3611 per-

273 3622 363 3692 petua
388 3611 496 3670 dieitur
522 3610 553 3670 in
580 3609 663 3672 aliam
691 3615 823 3675 traducta
850 3637 934 3689 esse,
960 3616 1025 3685 sive
1050 3616 1108 3676 hoc
1136 3616 1187 3674 fiat
1213 3609 1352 3685 consilio,

275 3692 340 3752 sive
360 3693 575 3788 caussascPag.
596 3699 666 3754 296.
704 3698 757 3760 nln
777 3716 810 3756 re
830 3697 986 3776 praeterita
1003 3698 1167 3779 perfectum
1184 3715 1246 3761 non
1262 3690 1351 3774 poni·

274 3784 327 3833 tur
354 3772 412 3831 nisi
439 3772 615 3834 indicatrvoz
642 3775 845 3856 imperfectum
875 3791 905 3838 et
935 3776 1271 3859 plusquamperfectum,
1298 3772 1353 3832 ubi

272 3853 448 3939 intelligitur
474 3854 542 3915 finis
562 3856 672 3937 (nsque
694 3857 765 3940 eo),
793 3880 909 3941 semper
934 3858 1233 3923 coniunctiva'forma
1251 3853 1352 3937 expri-

270 3948 419 3996 muntur.«
490 3953 499 3967 ·
962 3952 965 3955 ’

349 4041 499 4118 principes
508 4038 593 4124 suri]
614 4042 719 4117 Quint.
741 4047 806 4121 xit,
829 4050 878 4121 11,
899 4050 928 4104 3.
972 4045 1095 4104 Vidi-
1115 4062 1261 4103 summum
1280 4058 1352 4098 ora-
1457 4034 1458 4057 ³

270 4129 383 4195 turem,
411 4120 576 4182 Domitium
601 4124 709 4202 Afrum
729 4148 876 4211 -quem
899 4130 1063 4209 prinoipem
1079 4125 1178 4208 fuisse
1203 4122 1352 4204 quondam

260 4199 329 4279 sori
345 4222 403 4264 non
421 4213 488 4264 erat
508 4204 640 4275 dubium.
706 4268 709 4273 ,
1330 4230 1334 4235 ·
