2928 4810
537 307 617 394 Cup.
640 308 766 374 xxxl.
833 402 837 409 .
918 292 920 301 Ι
1050 248 1069 405 Ι,
1122 316 1186 377 tot

81 448 84 452 ⁴
113 472 202 565 qnos
225 461 394 538 astrictum
417 477 449 535 et
470 459 641 539 collectum
668 480 701 540 et
718 461 850 563 singula
866 463 975 539 statim
992 483 1188 563 argomento
1215 533 1222 551 x
1265 550 1267 557 ,

113 561 318 641 concludens
334 560 469 635 dicendi
494 589 600 660 genus
620 563 697 666 plus
721 563 800 638 fidei
822 581 983 640 rueretur:
1008 562 1101 667 apud
1121 564 1186 643 boe
1254 590 1256 595 ’
1321 570 1324 579 “

114 739 249 833 quicum
268 731 425 795 indicativo
445 742 495 792 aut
513 729 703 831 coniunctivo
721 731 835 796 diversa
853 746 949 832 temen
971 730 1084 833 ratione
1102 754 1202 807 com·‚

113 828 249 959 tuate
277 815 402 958 nn
420 813 530 981 tin
545 817 722 996 uult.
739 816 811 961 tt:
836 815 1101 959 tested
1114 827 1186 960 nt
1292 936 1294 943 ,

112 980 290 1045 Ramsborn.
312 981 366 1040 Gr.
386 977 414 1063 §.
436 983 502 1040 177.
522 979 591 1040 Not.
609 987 637 1041 2.
658 980 748 1054 Kritz.
768 980 803 1041 acl
824 978 941 1040 Sallust
965 984 1014 1054 19,
1035 986 1062 1042 2.
1082 978 1186 1042 liuele-

33 1098 37 1106 =
112 1083 177 1123 ner.
198 1061 233 1123 ad
254 1060 316 1124 Cic.
337 1061 425 1122 'suso
446 1064 499 1135 1113
516 1066 566 1138 31,
588 1066 636 1127 76,
681 1061 854 1127 indicativus
875 1060 997 1143 ponitur
1010 1060 1041 1139 in
1056 1083 1089 1124 re
1105 1073 1185 1126 certa

112 1156 202 1225 atque
227 1142 387 1204 indubitata
413 1142 567 1216 tradenda,
595 1138 646 1239 pbi
672 1143 745 1227 certi
775 1143 889 1225 quidam
917 1140 1049 1205 homines
1072 1165 1089 1206 a
1109 1143 1185 1207 scri-

16 1284 21 1291 ,
113 1238 202 1324 ptore
228 1225 435 1310 designantur,
464 1223 514 1306 qni
535 1225 599 1287 eius
623 1226 719 1291 animo
740 1227 787 1287 vel
810 1224 1005 1287 obversantur
1024 1225 1071 1286 ecl
1090 1222 1125 1287 ab
1146 1246 1184 1289 eo

48 1312 52 1319 '
113 1322 171 1369 ram
190 1307 407 1369 commemorati
422 1318 507 1379 sunt;
527 1307 731 1370 coniunctivns
747 1320 844 1369 autem
863 1308 895 1368 in
916 1314 949 1369 re
968 1305 1077 1369 incerta
1096 1316 1185 1406 atque

86 1399 91 1407 '
115 1388 221 1466 dubia,
241 1411 325 1470 qnam
346 1389 392 1450 vel
412 1386 468 1471 ipsi
489 1388 638 1451 nonsatis
658 1382 834 1473 compertam
853 1388 1011 1466 babemus,
1031 1388 1079 1450 ecl
1098 1411 1184 1452 corus

114 1474 264 1533 auctorem
290 1469 457 1555 ignoramus
478 1471 524 1531 vel
550 1471 653 1549 certisx
667 1473 703 1533 de
723 1472 816 1534 censis
842 1472 977 1555 ignorare
1006 1469 1184 1533 simulamus.

116 1554 213 1615 Multo
231 1565 327 1615 tamen
348 1543 533 1633 frequentior
553 1565 599 1614 cst
616 1553 821 1616 coniunctivos
836 1554 867 1613 in
884 1548 1086 1630 hac‘iormola,
1106 1574 1184 1633 quo-

114 1634 193 1697 tient
211 1636 247 1697 ad
266 1656 328 1697 oon
347 1647 444 1698 certos
464 1632 596 1696 homines
616 1636 797 1697 denotandoe
819 1638 954 1718 usurpari
973 1634 1059 1696 solet.
1094 1635 1184 1716 Apud

137 1724 217 1780 oetas
237 1715 422 1800 promiscuus
441 1716 596 1798 utriusque
614 1719 694 1778 modi
714 1714 785 1780 us'us
801 1730 855 1779 est.
873 1720 922 1783 vd.
942 1717 1037 1778 licntl.
1057 1718 1093 1778 ad
1107 1718 1183 1778 Hor.

60 1864 66 1878 ,
159 1822 212 1860 rm.
230 1804 254 1875 1,
272 1809 302 1876 1,
316 1806 344 1861 3.
365 1798 492 1861 Schmid.
512 1799 548 1860 ad
567 1800 641 1882 Epp.
654 1805 677 1875 l,
690 1808 722 1875 6,
736 1807 765 1861 5.
806 1801 865 1861 Sed
878 1801 910 1861 in
923 1799 1072 1881 ¹alterutro
1092 1800 1182 1861 modo

115 1880 146 1941 ib
172 1894 286 1944 textum
307 1872 473 1965 recipiendo
495 1881 588 1944 Codd.
610 1883 780 1963 frequenter
800 1880 1003 1949 fluctuantium
1023 1880 1182 1945 aunarius

115 1975 162 2025 est
182 1964 361 2047 respicienda
368 2008 378 2039 ‚
399 1986 489 2045 quum
509 1963 606 2025 asolo
619 1965 780 2046 'scriptoris
802 1964 923 2025 arbitrio
944 1985 1028 2046 crepe
1046 1963 1182 2045 pendeat,

114 2057 184 2107 utro
204 2045 293 2107 modo
313 2068 375 2107 rem
394 2042 531 2108 enunciet
546 2066 601 2106 nee
620 2068 654 2108 ex
674 2047 744 2129 ipsis
764 2045 852 2108 rebus
877 2060 989 2108 eertum
1007 2045 1067 2128 peti
1086 2036 1190 2127 poscit*

114 2140 335 2211 argumentum,
363 2139 398 2188 nt
424 2127 499 2188 bene
525 2126 692 2190 observarit
713 2129 804 2191 Kritz.
831 2130 899 2191 Tac.
928 2127 1027 2213 Agric.
1046 2135 1094 2188 28.
1132 2128 1181 2191 Ao

113 2208 197 2287 fuere
278 2234 352 2271 s-
377 2210 511 2271 indicium
545 2215 627 2287 ¹tanti
658 2232 745 2272 curus
769 2214 933 2293 illustrauit.
979 2210 1028 2272 Sic
1059 2206 1149 2270 fluctu
1328 2250 1330 2259 1

116 2291 203 2353 lectio
255 2293 303 2353 ist.
323 2299 361 2365 V,
380 2300 426 2369 2.,
446 2291 498 2352 nbi
515 2288 583 2352 sunt
609 2297 660 2376 qui
681 2295 802 2356 tradunt
826 2307 906 2355 recte
931 2314 966 2354 ex
993 2304 1066 2374 optt.
1086 2290 1182 2354 codd
1299 2318 1309 2342 c

116 2374 257 2436 exhibent
284 2374 400 2435 Waltlr.
429 2374 500 2435 liitt
528 2375 633 2450 Baeb,
660 2377 784 2437 tradant
812 2376 968 2458 Kiessling.
994 2377 1124 2456 Rupert..
1144 2373 1181 2434 al.
1214 2407 1219 2427 ι
1340 2422 1344 2425 Α

38 2503 48 2534 ,
116 2485 157 2504 -ι
180 2457 226 2518 De
243 2478 272 2517 v.
292 2460 445 2519 astrictum
466 2457 512 2517 vd.
533 2470 631 2518 annot.
652 2460 687 2519 ad
710 2458 784 2519 Dial.
799 2465 866 2535 25.‚
888 2458 970 2519 cuiue
991 2478 1097 2543 synon.
1117 2454 1198 2527 ool<

116 2539 224 2600 lectum
242 2538 387 2599 rarissima
406 2538 616 2621 significatione
637 2539 665 2599 li.
682 2540 705 2600 1.
724 2553 770 2602 est
788 2549 984 2602 contractum:
1014 2537 1074 2600 Cic.
1094 2531 1180 2599 Brut.

63 2636 66 2645 “
116 2625 168 2697 00,
186 2627 254 2681 309.
295 2614 447 2684 Diuicotia
468 2625 553 2704 quusi
572 2632 726 2683 contracto
746 2634 775 2687 ct
794 2627 920 2685 astricto
939 2625 983 2682 elo
1004 2618 1105 2681 nentia
1120 2642 1181 2702 pu-

116 2703 211 2762 tando
239 2713 292 2763 est.
338 2703 515 2764 Concludere
543 2702 562 2763 i.
612 2748 618 2763 .
647 2705 911 2787 comprehendens,
939 2645 1088 2786 coliigcns.
1129 2684 1210 2797 sic]

114 2784 238 2866 ponitur
257 2786 293 2845 de
317 2787 562 2872 argumentando:
590 2726 651 2848 gie.
673 2789 825 2864 oratos,
850 2793 918 2848 122.
946 2789 1180 2862 argumentatio-

115 2887 167 2926 nes
191 2867 369 2928 concludere.
403 2868 506 2943 Quint
527 2872 588 2942 ΧΗ,
609 2876 639 2945 2,
663 2874 698 2930 15
720 2882 751 2930 et
768 2876 833 2930 25.»
858 2870 1010 2931 Praeterea
1038 2867 1074 2928 es.
1100 2865 1180 2927 Eck.

116 2939 203 3009 cuin}
219 2949 391 3034 Proleggp.
401 2957 450 3012 27.
460 2950 496 3010 de
509 2949 537 3010 b.
547 2951 565 3011 l.
584 2951 752 3016 »intellectu
762 2951 881 3013 videtur
891 2950 1091 3018 difficillimum
1104 2968 1181 3024 esse,
1255 2978 1258 2981 ·

115 3031 279 3093 dialecticae
304 3031 458 3116 magistros
483 3032 512 3091 b.
532 3031 551 3092 l.
578 3033 709 3094 diversos
731 3023 795 3095 es'se
822 3031 1072 3115 aPeripateticia‚
1102 3050 1179 3112 quos

110 3112 212 3194 paullo
233 3125 302 3196 post
321 3112 545 3189 commemorat,
574 3135 640 3174 cum
668 3114 841 3176 dialecticam
866 3113 1180 3196 adl’eripatcticorom

116 3192 294 3276 disciplinam
318 3196 495 3276 pertinuisse
519 3194 597 3256 inter
622 3197 752 3259 eruditos
778 3198 902 3258 constet.
942 3197 1002 3258 Sed
1027 3194 1094 3275 qnia
1118 3194 1180 3255 dia-

116 3275 235 3337 lecticae
247 3325 254 3359 ¹.
262 3297 352 3358 opera
378 3276 527 3338 astrictum
555 3288 585 3337 ct
613 3277 766 3338 collectum
788 3290 819 3339 et
841 3277 955 3361 singula
974 3277 1070 3338 statirn
1084 3296 1180 3359 argu·
1218 3328 1220 3333 ,
1248 3298 1251 3305 ’

118 3370 215 3417 mente
241 3358 417 3420 concludens
449 3356 564 3418 dicendi
593 3380 686 3441 genus
711 3369 845 3441 paratur,
879 3357 1078 3442 Peripateticis
1105 3368 1187 3420 vero'

119 3437 181 3498 insa
204 3438 347 3500 tribuitur
360 3451 393 3502 et
411 3439 535 3521 aequalis
556 3440 668 3515 oratio,
697 3441 822 3502 utillud
849 3441 890 3503 de
905 3441 1003 3503 Stoice
1028 3437 1180 3522 discipline

117 3520 274 3618 intelligam
285 3520 370 3583 lacile
386 3522 521 3601 inducere
561 3521 660 3583 Talem
680 3518 763 3584 enim
777 3524 937 3590 orationem
958 3521 1082 3605 antiquie
1097 3521 1180 3582 Stoi-

118 3602 159 3662 cis
184 3601 277 3664 iurssc
303 3616 438 3665 narratur
463 3625 479 3665 u
505 3603 566 3666 Cic.
593 3606 677 3664 Brut.
704 3613 753 3680 31,
782 3612 849 3668 120.
877 3612 927 3682 25,
954 3609 1003 3668 04.
1030 3611 1081 3676 30,
1110 3607 1179 3666 114.
1271 3610 1295 3639 ·'

118 3683 603 3772 Topiceso.ct.Finn.·1V‚4,
628 3693 673 3749 10.
695 3701 725 3749 et
746 3690 828 3748 Brut.
849 3695 899 3763 90,
920 3688 988 3749 300.
1028 3688 1107 3748 Sunt
1124 3684 1178 3747 alia
1254 3711 1262 3725 ·

117 3776 234 3847 quoqne
253 3767 441 3843 testimonia,
471 3791 543 3850 quae
569 3768 638 3829 buin
659 3769 703 3830 rei
728 3771 893 3852 probandae
919 3768 1096 3844 inserviant,
1124 3766 1178 3828 sed

117 3849 185 3910 satis
208 3848 300 3910 habco
320 3850 398 3911 iltius
411 3848 470 3912 loci
484 3851 655 3912 sententiam
668 3852 834 3933 explanasse
851 3852 910 3913 ita:
936 3851 1081 3913 dialectiea
1094 3848 1177 3912 Stoi-
1237 3867 1241 3893 ¹

63 3938 73 4015 J
116 3951 218 3991 eornm
242 3931 278 3991 ad
303 3932 453 3995 astrictum
479 3933 762 4016 praeparatdicendi
780 3948 896 4018 genus‚‘
916 3933 1177 4032 Peripateticorum

5 4080 8 4084 A
75 4088 78 4091 1
116 4012 264 4094 disciplina
289 4014 388 4075 iusum
416 4027 447 4076 et
473 4037 539 4077 corn
567 4016 685 4077 lenitate
712 4018 831 4097 quadam
858 4016 997 4098 aequabile
1016 4013 1176 4098 profluens.

117 4093 156 4154 iti
182 4089 297 4156 omnem
313 4098 497 4159 *orationem
515 4099 706 4180 amplificare,
736 4098 900 4160 Academici
926 4119 1021 4160 acrem
1047 4110 1077 4159 et
1101 4118 1178 4158 con·
1255 4137 1261 4146 -

115 4175 286 4257 tentiosam‚
316 4179 399 4261 Plato
422 4179 591 4259 sublimem,
621 4180 787 4264 Xenophon
813 4203 930 4245 suavem
950 4181 1073 4244 reddere
1091 4189 1177 4263 pote-

115 4268 226 4321 runts'
592 4276 596 4287 “
1112 4302 1122 4311 ,
