2832 4808
168 313 170 328 ·
257 300 327 364 ³264
599 299 754 383 Dialogus
777 302 815 362 de
836 299 1018 361 Oratoribus

260 427 437 527 bdlamur?
464 469 623 553 quantum
644 452 762 526 virium
786 452 966 527 detraxisse
991 451 1133 527 orationi
1166 449 1348 522 auditoria

261 571 294 627 et
317 552 478 632 tabularia
496 554 681 641 credimus,
706 554 742 626 iu
759 553 882 653 quibus
899 553 964 625 iam
983 555 1053 627 lere
1067 550 1228 652 plurimae
1251 577 1345 627 *cau-

162 671 167 676 '
229 708 244 729 .
260 678 318 727 sac
342 653 568 754 explicantur?
617 655 701 749 Nam
726 652 894 753 quomodo
919 652 1050 727 nobiles
1082 677 1186 751 equos
1212 676 1346 757 cursus

259 823 336 883 desit
355 823 477 884 actionis
501 823 600 898 decor,
618 823 669 904 qui
687 806 836 904 spectetur
849 821 959 882 brachii
981 821 1129 895 moderata
1148 820 1345 901 proiectione

261 927 278 965 e
300 917 370 987 toga
393 907 439 965 vd.
460 905 562 981 Quint.
584 907 635 982 ΧΙ,
657 912 687 982 3,
709 909 768 992 titt,
801 903 1033 987 quumpaenula
1054 902 1168 963 brachia
1199 902 1344 983 include-

127 1037 131 1045 „
210 1048 212 1053 ⁴
257 998 373 1047 rentur.
763 1038 766 1041 .
1043 1050 1046 1057 ,
1230 1044 1241 1067 ‚

338 1085 489 1144 auditoria
506 1095 538 1159 'ot
557 1082 724 1166 tabulario]
750 1082 797 1145 Cf.
826 1084 862 1144 dc
883 1081 913 1142 b.
935 1081 954 1142 Ι.
983 1082 1115 1142 Perizon.
1143 1084 1179 1143 de
1197 1086 1342 1145 Praetor·

217 1165 238 1265 p
257 1187 286 1247 p.
309 1172 367 1226 203
389 1188 431 1246 sq.
471 1166 641 1240 Audituria,
664 1189 736 1247 quae
766 1165 838 1225 nist.
863 1170 908 1226 10.
931 1164 1002 1243 farn
1032 1177 1061 1224 et
1083 1171 1179 1226 causis
1208 1181 1237 1226 et
1259 1171 1342 1226 ueris

213 1268 223 1333 p
255 1251 386 1330 proeliis,
409 1249 484 1310 sicut
503 1249 607 1324 Quint.
628 1251 716 1321 Χ,’1,
737 1255 784 1308 36.
797 1246 869 1326 fhru
886 1259 918 1319 et
940 1248 977 1321 Χ,
1002 1252 1030 1321 1,
1053 1253 1100 1308 79.
1120 1249 1253 1322 iudiciis,
1277 1270 1337 1330 op-

209 1330 220 1393 i
257 1344 425 1410 ponuntur,
444 1343 536 1397 ,erant
556 1332 675 1412 proprie
704 1331 735 1389 in
756 1329 874 1389 aedibus
895 1328 1014 1410 privatis
1035 1328 1209 1389 declamandi
1231 1342 1264 1389 et
1287 1353 1338 1390 re-

181 1400 234 1467 1'1
258 1412 364 1471 citandi
383 1434 474 1472 cauca.
523 1413 582 1472 Sed
611 1412 665 1472 sub
688 1410 912 1492 lmperatoribus
939 1409 1084 1491 paullatim
1113 1433 1176 1470 mos
1208 1411 1340 1489 invaluit

183 1514 202 1567 ἦ
257 1515 357 1557 causas
386 1495 463 1554 donli
486 1507 515 1554 et
538 1494 569 1553 in
591 1494 742 1554 auditoriis
774 1491 978 1576 cognoscendi·
998 1491 1054 1573 (sic
1074 1493 1129 1553 iam
1152 1490 1259 1555 Cacsar
1281 1496 1336 1553 Li-

206 1630 208 1637 ,
256 1575 329 1657 garli
356 1588 385 1635 et
411 1575 542 1635 Diotari
570 1598 668 1635 causas
699 1576 775 1635 intra
804 1576 932 1653 privatos
966 1575 1090 1655 parietes
1125 1575 1336 1658 cognoverat),

256 1679 329 1737 quae
347 1598 492 1717 erantbel
513 1657 543 1715 in
561 1657 709 1738 praetorio
731 1657 776 1716 vel
796 1657 827 1715 in
849 1656 913 1715 aula
927 1656 1076 1738 principis.
1106 1652 1151 1719 Cl.
1173 1658 1336 1718 lnl.Paull.
1409 1736 1410 1739 Ἰ

150 1802 156 1827 Ι
255 1738 369 1822 Dignst.
390 1740 422 1799 L.
444 1730 505 1799 Xll.
526 1739 571 1798 tit.
594 1745 619 1799 1.
641 1738 702 1800 14.Ι
730 1740 826 1799 Lecta«
846 1752 889 1800 est
911 1740 940 1796 iu
961 1739 1107 1808 auditoria
1127 1739 1249 1800 Aemilii
1267 1741 1337 1800 Pa-

252 1824 369 1903 piniani
400 1818 545 1902 praefecti
567 1819 717 1902 praeturio
741 1842 840 1881 causo.
889 1820 1003 1901 Ulpian.
1030 1822 1062 1879 L.
1088 1824 1135 1887 tv,
1164 1824 1208 1881 tit.
1230 1826 1261 1883 4.
1285 1829 1334 1882 18.
1409 1854 1410 1865 ¹

191 1970 204 1976 ..
238 1903 433 1977 'auditorium
450 1906 597 1985 prirecipis.
637 1906 657 1962 Ι.
677 1903 768 1963 Paull.
786 1905 819 1963 L.
843 1903 928 1961 XLll.
947 1902 989 1962 tit.
1007 1908 1031 1965 lc
1054 1905 1101 1962 54.
1124 1909 1218 1964 moins
1241 1906 1332 1965 audi-

203 1979 206 1988 ’
255 1990 372 2047 tarium.
415 1985 603 2045 Tabulurinm
626 1998 671 2046 est
690 1984 797 2055 locusJ
818 1983 867 2059 nbi
888 1983 1001 2044 tabulae
1021 1984 1169 2065 publicae,
1194 1986 1221 2044 b.
1242 1986 1261 2044 l.
1284 1987 1333 2046 in-

197 2070 210 2091 ⁸
254 2077 433 2141 strumenta,
456 2067 619 2133 litteraeet
635 2080 699 2127 acta
721 2065 853 2147 publica,
874 2077 909 2124 ut
929 2079 1044 2125 senatus
1065 2067 1213 2142 consulta,
1235 2068 1331 2148 plebi-

169 2189 172 2197 ·
205 2199 210 2205 .
255 2148 327 2230 scita
348 2150 383 2224 de
404 2150 541 2210 societate
559 2162 588 2210 et
612 2150 731 2210 loedere
751 2171 783 2208 ac
804 2147 958 2230 privilegio
977 2202 980 2206 .
997 2147 1158 2229 cuicunque
1184 2150 1333 2210 concessis

253 2244 450 2310 reponuntur.
491 2232 539 2291 Sic
559 2231 615 2291 tuit
643 2253 798 2291 censorum
822 2233 931 2291 Romae
959 2230 991 2288 in
1012 2230 1086 2289 atrio
1118 2231 1271 2291 Libertatis
1294 2234 1331 2293 ad

254 2312 384 2372 rationes
411 2315 597 2372 asservandus
624 2315 670 2374 vd.
700 2314 763 2372 Liv.
784 2314 884 2386 111111,
912 2316 983 2381 16.,’
1004 2311 1080 2371 aliud
1109 2312 1140 2371 in
1169 2311 1329 2395 Capitolio,

196 2386 209 2475 ἰ
255 2394 294 2453 de‘
317 2415 376 2473 quo
397 2395 443 2453 vd.
467 2395 548 2457 Suet.
570 2398 658 2476 Vesp.
678 2402 717 2454 8.·
747 2396 930 2454 Antoninum
951 2393 1161 2473 Philosophum
1182 2419 1235 2477 per
1254 2419 1328 2478 pro-

199 2532 202 2533 t
254 2475 363 2535 vincias
393 2475 598 2537 tabulariorum
632 2476 815 2559 publicorum
843 2498 928 2536 usum
966 2475 1128 2537 instituisse
1156 2478 1247 2538 relcrt
1277 2479 1327 2538 lul.

256 2555 379 2637 Capitol.
399 2557 429 2615 in
452 2557 513 2616 eins
535 2559 593 2623 vita
616 2579 659 2639 cp.
675 2564 709 2617 9:
746 2561 776 2617 lu
798 2558 843 2618 his
863 2556 954 2639 igitur
970 2557 1118 2618 tabulariis
1135 2581 1235 2619 causae
1255 2583 1328 2641 pro-

255 2638 323 2706 latis
341 2634 523 2700 documentis
544 2639 773 2719 explicabantnr,
797 2652 831 2699 ut
852 2639 1017 2720 eloquentia
1036 2658 1096 2699 non
1118 2661 1191 2721 opus
1214 2654 1302 2701 esset

273 2799 276 2803 ,
301 2723 310 2737 ’
337 2755 447 2813 suusne
475 2735 675 2819 explicantur]
710 2728 786 2796 Non¹
807 2749 946 2809 orantur,
975 2749 1117 2818 aguntur,
1133 2739 1227 2818 ¹quod
1257 2738 1327 2798 olim
1374 2749 1379 2762 '

254 2817 340 2896 apud
361 2831 475 2878 veteres
505 2822 653 2879 Romanos
683 2818 714 2877 in
751 2832 851 2883 senatu
880 2832 910 2878 et
943 2817 1010 2878 soro
1044 2818 1148 2894 fiebat,
1178 2818 1230 2880 nbi
1259 2843 1328 2881 vera

131 2910 134 2917 “
199 2961 201 2969 ,
255 2882 420 2979 eloquentia
448 2898 581 2982 agebat,
611 2889 799 2981 quum'nunc
828 2900 884 2960 nisi
914 2900 1129 2960 controversiae
1146 2912 1173 2960 'a
1202 2903 1326 2965 causidi-

189 3042 193 3049 ,
254 2981 348 3041 eisin
376 2982 490 3042 indiciis
523 3003 582 3041 uon
616 2994 786 3042 tractentur.
837 2982 911 3042 Ptin.
942 2983 1013 3061 Epp.
1044 2985 1095 3055 Vl,
1124 2990 1155 3058 2,
1185 2989 1210 3044 6.
1266 2986 1328 3047 Nos

253 3068 385 3143 apertius
411 3064 555 3139 dicimus‚·
578 3066 698 3125 celerius
723 3066 927 3139 intelligimus,
960 3064 1322 3140 religiosiusiudicamus,

253 3149 304 3226 qrri
325 3147 512 3228 paucioribus
540 3146 696 3230 clepsydrp
720 3151 951 3228 praecipitamus
981 3167 1088 3207 causas
1116 3168 1205 3229 quom
1228 3148 1326 3210 diebus

254 3228 399 3308 explicari
416 3230 576 3313 salutanti!
955 3244 960 3254 ‘

210 3394 214 3405 1
337 3325 445 3384 renides
458 3324 560 3408 equos]
581 3308 700 3388 Nobiles
714 3325 776 3386 sive
785 3330 924 3402 generosi
945 3330 1010 3408 equi
1028 3338 1097 3386 sunt
1113 3327 1222 3408 egregii
1251 3327 1325 3404 (edle

253 3405 462 3487 Raceplerde),
492 3429 617 3487 quorum
639 3411 788 3468 stemmata
810 3407 932 3468 Romani
952 3408 1055 3467 insano
1077 3406 1325 3470 Circensiumln-

208 3484 217 3549 ζ
255 3487 360 3547 dorum
382 3488 479 3548 studio
499 3490 611 3551 incensi
631 3490 849 3564 describerent,
868 3501 903 3549 nt
923 3489 1086 3550 etiamnunc
1101 3491 1136 3549 fit
1158 3491 1189 3549 in
1208 3491 1324 3568 Arabia,

254 3569 359 3652 Anglia
385 3570 419 3629 al.
439 3568 485 3630 Cf.
505 3575 605 3632 iuven.
623 3577 657 3649 8,
678 3577 729 3648 56,
748 3578 797 3632 67.
826 3592 850 3632 c.
878 3582 989 3631 annott.
1018 3574 1094 3653 ltup.
1119 3583 1150 3632 et
1175 3572 1324 3652 Heinrich.

257 3652 331 3712 sca.
346 3650 417 3712 Silv.
437 3655 477 3727 V,
498 3660 531 3729 2,
549 3659 598 3714 21.
738 3654 741 3663 '
895 3698 898 3711 .

337 3771 438 3810 cursus
459 3756 607 3833 ettspotia
626 3747 769 3836 probant]
803 3751 879 3831 Rnp.
901 3760 931 3809 et
954 3749 1041 3811 Bacb.
1063 3750 1207 3832 explicant
1225 3772 1279 3833 per
1297 3760 1323 3814 ts
1376 3767 1379 3773 ‘

254 3835 300 3891 ded
327 3837 402 3891 ducto
428 3855 530 3893 cursus
559 3855 613 3915 per
639 3833 736 3914 spatia.
793 3831 939 3891 Ecltstcin.
969 3852 1133 3918 synonyma
1163 3833 1263 3910 babet,
1290 3848 1323 3896 nt

254 3911 328 3972 Plin.
350 3914 423 3994 Epp.
445 3917 494 3990 w,
518 3922 566 3990 12,
588 3923 614 3974 7.
643 3934 758 3987 necesse
786 3925 829 3973 ost
853 3915 949 3974 laudis
969 3935 1043 3975 suaa
1069 3920 1165 3996 spatio
1194 3929 1223 3978 et
1242 3920 1322 3979 cursu

256 4005 286 4053 et
304 4000 536 4075 peregrinatione
557 4001 690 4057 laetetur.
723 3995 872 4076 ‘Spatium
893 4007 922 4056 et
940 4001 1039 4079 spatio
1060 4009 1129 4058 sunt
1151 3998 1253 4076 locus,
1273 4000 1323 4060 ubi

251 4097 344 4135 cursu
367 4087 494 4136 certatur
516 4080 558 4155 (in
575 4072 685 4157 circo),
713 4089 743 4136 et
761 4098 863 4137 cursus
892 4077 956 4159 ipse
983 4100 1031 4159 ap.⁴
1057 4081 1138 4165 Virg.
1169 4081 1277 4163 Georg.
1300 4084 1322 4156 1,

190 4210 198 4224 ,.
256 4162 325 4216 513.
347 4159 483 4230 ΙΙΙ,203.
513 4167 603 4220 »Aen
628 4163 696 4233 vn,
718 4163 786 4219 381.
824 4157 969 4221 Cic-'Cau
995 4163 1103 4224 Mas.
1143 4161 1321 4243 Deupra-

194 4264 207 4301 :¹
257 4241 328 4298 baro
349 4239 395 4298 vd.
417 4241 494 4321 Rup.
516 4243 550 4301 ad
570 4244 636 4303 Tac.
658 4242 734 4300 Hist.
756 4243 777 4313 Ι,
801 4247 848 4302 27.
