2970 4808
475 332 483 345 ν
517 318 522 329 “
578 300 656 384 Gap.
679 296 772 364 xm.
977 355 980 367 .
1170 311 1214 370 83

130 451 181 529 rel
211 437 442 556 perpetuitate
462 451 574 528 ituree.
604 456 749 529 cesserit.
804 454 891 532 nam
923 452 1063 555 Crispus
1091 452 1160 531 iste.
1179 476 1213 534 et

12 578 17 583 ·
129 553 331 643 Marcellus,
347 552 402 625 'ad
415 576 570 653 ,qnorum
592 553 740 655 exempla
759 580 815 637 ure
836 582 957 644 rocas,
980 554 1065 660 quid
1087 554 1212 633 habeut
1321 624 1325 634 .

129 653 166 726 in
191 652 256 728 hue
281 682 342 759 sun
364 651 503 729 tot-tuna
524 654 853 754 concupiscendum?
882 654 976 754 quod
999 653 1133 746 timent,
1166 684 1225 730 nn·

130 818 206 885 urbe
227 816 337 883 Galliae
356 792 557 881 Nailroneusis
586 802 748 900 oriundus,
775 818 895 902 ingenio
918 819 1126 905 doctrinaeque
1146 831 1210 887 stn-

132 903 189 964 diis
216 902 330 981 clarus,
363 902 484 985 prae'tor
509 903 564 963 sub
585 903 713 964 »Tiberio
742 926 767 965 a.
794 908 862 967 778.
886 904 922 964 U.
944 902 997 981 C.,
1031 906 1212 988 Agrippinae

131 985 318 1045 accusatione
357 984 549 1045 inclarescere
591 985 674 1066 (Tac.
709 986 787 1045 Anu.
823 988 874 1059 lV,
913 985 978 1067 52.)
1013 1007 1038 1046 n.
1076 990 1146 1047 779.
1180 999 1212 1050 et

131 1066 314 1148 principibus
335 1078 486 1126 oratorum
507 1066 698 1149 addicoepit.
748 1067 818 1139 Fuit
839 1079 935 1127 eutem
957 1070 1211 1147 capessendisac-

133 1148 340 1208 curationibus
361 1160 411 1208 aut
445 1166 513 1209 reos
547 1148 671 1208 tutando
696 1149 888 1231 prosperiore
914 1148 1098 1229 eloquentiae
1125 1169 1212 1231 quern

132 1250 250 1290 morum
278 1230 351 1288 lama
378 1238 455 1289 teste
482 1232 550 1290 Tne.
571 1230 589 1289 l'.
611 1230 655 1305 l.·,·
678 1250 763 1309 quam
788 1226 972 1290 frandulenta
1002 1247 1092 1311 opum
1119 1231 1210 1292 nvidi-

132 1323 194 1371 tate
222 1310 441 1373 commaculavit
462 1310 552 1392 (Plin.
580 1312 654 1392 Ep.
676 1315 754 1385 Vllt,
782 1317 829 1372 18.
864 1310 969 1386 Quint.
1000 1316 1048 1385 vt,
1075 1318 1105 1387 3,
1134 1313 1212 1393 92),

133 1405 265 1453 ceterum
285 1393 367 1453 dicax
389 1404 420 1452 et
439 1390 558 1453 lacetos.
602 1334 813 1468 guintilian'us,
836 1392 974 1473 quipuer
986 1391 1131 1474 insignem
1147 1396 1211 1454 eius

133 1471 297 1534 orationem
318 1494 374 1554 pro
398 1474 551 1533 Voluseno
574 1472 680 1534 Catulo
703 1475 852 1533 audiverat
874 1474 927 1554 (X,
950 1476 977 1547 1,
998 1475 1081 1553 24),
1110 1475 1211 1535 multis

133 1553 207 1615 locis
234 1576 301 1616 eum
328 1568 537 1615 commemorat
562 1556 742 1639 summisque
767 1555 900 1615 laudibus
922 1565 1016 1614 ornet.
1035 1554 1074 1631 X,
1094 1559 1122 1627 1,
1145 1560 1213 1616 118.

134 1638 209 1697 Sunt
237 1640 293 1696 elii
325 1639 410 1698 multi
435 1638 557 1711 diserti,
592 1659 662 1720 quos
685 1641 822 1719 persequi
847 1639 963 1712 longum
989 1644 1041 1695 est.
1090 1636 1212 1712 Eorum,

133 1741 205 1802 ques
233 1719 368 1792 viderim,
401 1720 548 1779 Domitius
573 1718 650 1797 Aser
674 1727 704 1778 et
725 1720 817 1779 Iulius
838 1718 996 1797 Africanus
1015 1720 1097 1792 longe
1181 1740 1222 1778 em

71 1836 75 1842 =
133 1801 316 1869 stantissirni.
357 1800 435 1861 Ante
461 1803 511 1860 illo
531 1812 560 1859 et
588 1810 649 1861 tuto
672 1820 779 1876 genere
808 1800 924 1860 dicendi
944 1741 1222 1881 praeferendiismet'

134 1902 219 1966 quem
243 1886 274 1941 in
291 1902 411 1943 numero
429 1894 554 1944 veterum
575 1883 760 1944 cremnon
780 1885 894 1942 timeas.
916 1885 978 1959 ΧΠ,
1005 1886 1054 1956 11,
1073 1887 1102 1941 3.
1148 1880 1216 1942 Vidi

135 1983 190 2040 ego
218 1962 308 2040 longe
327 1968 476 2039 omniurn,
509 1987 579 2047 quos
602 1966 681 2023 *milri
704 1982 872 2039 cognoscere
897 1964 1032 2038 contigit,
1067 1984 1214 2024 summurn

135 2055 303 2120 oratorem,
331 2047 493 2106 Domitium
518 2045 625 2124 Afrum
652 2047 737 2105 ratde
763 2066 878 2120 senem,
908 2045 1013 2106 cotidie
1034 2045 1148 2127 aliquid
1174 2064 1214 2104 eur

135 2134 189 2201 ed,
211 2148 300 2209 quarn
324 2139 488 2200 meruerat,
507 2130 683 2188 eunoritate
723 2124 888 2187 erdentern:
938 2146 1006 2187 uum
1026 2137 1132 2201 agente
1152 2126 1214 2200 illo,

137 2230 222 2290 quern
237 2213 395 2290 principem
406 2208 503 2288 fitisse
520 2210 667 2291 quondam
679 2150 747 2288 diri
758 2231 815 2268 non
829 2219 897 2268 erat
912 2150 1040 2281 dubium,
1057 2210 1120 2282 etti,
1138 2208 1217 2290 quod
1286 2268 1291 2283 ,

136 2291 289 2367 indignum
311 2291 460 2365 rideatur,
487 2292 634 2365 riderent,
666 2294 722 2350 elii
747 2291 963 2350 erubescerent:
1000 2309 1076 2372 qrree
1102 2294 1215 2349 occasio

87 2438 96 2449 ,
127 2370 192 2450 suit
217 2373 333 2432 dicendi
352 2375 438 2431 melle
467 2393 532 2432 eum
556 2372 679 2452 deficere
707 2392 797 2455 quem
817 2372 958 2432 desinere.
1001 2370 1097 2429 Verbo
1118 2370 1214 2445 dequi-

58 2506 72 2523 ,
137 2448 470 2563 ἰαίιμεῐοτεηόε
487 2467 556 2514 sunt
569 2453 726 2533 admalam
743 2474 859 2513 morum
876 2452 998 2527 famam,
1013 2456 1216 2548 perpetuitate

49 2493 106 2597 [ie
127 2533 238 2614 samue·
265 2534 467 2616 explicandae
489 2534 612 2612 Quint,
643 2536 710 2616 quia
738 2554 827 2595 senex
857 2533 965 2594 cotidie
985 2533 1094 2612 ahquid
1114 2554 1150 2593 ex
1171 2552 1215 2609 ea,

138 2619 222 2694 quem
243 2629 407 2692 meruerat,
436 2618 610 2678 anctoritate
637 2616 785 2700 perdebat.
824 2616 909 2677 Obiit
928 2620 983 2675 snb
1004 2615 1124 2674 Nerone
1146 2619 1215 2675 812.

137 2699 175 2756 U.
185 2695 222 2758 C.
232 2698 289 2758 cibi
305 2697 497 2777 redundantia
512 2700 543 2758 in
559 2720 657 2759 coena.
689 2697 815 2778 Scripsit
830 2698 903 2759 duos
920 2697 1012 2757 libros
1030 2695 1214 2756 deTestibns

139 2774 261 2859 (Qciint.
281 2782 320 2857 V,
344 2787 372 2856 7,
395 2781 458 2861 t),
486 2781 636 2842 orationes
661 2792 690 2842 et
710 2781 867 2840 Dictorum
894 2778 1005 2838 urbane
1025 2777 1127 2837 libros.
1169 2774 1216 2837 Cl'.

137 2860 306 3001 sWeiclrert.
334 2872 425 2941 poett.
446 2863 520 2922 Latt.
541 2863 625 2944 reliq.
645 2886 674 2945 p.
694 2864 755 2925 246
777 2884 820 2942 sq.
850 2861 964 2946 Meyer.
984 2870 1071 2920 oratt.
1090 2860 1216 2920 Roman·

152 2963 244 3025 ragin.
261 2964 289 3029 p.
309 2949 369 3003 229
393 2964 435 3024 sq.
781 2950 784 2965 '

156 3116 160 3123 ⁴
221 3047 403 3129 adquorum
425 3047 561 3131 exemplo
581 3067 628 3107 rne
649 3041 752 3129 ruens]
772 3046 794 3106 l.
815 3066 840 3108 e.
862 3041 974 3119 reiicis,
996 3039 1131 3106 remittis.
1153 3038 1216 3105 Cic.

139 3125 226 3186 Acad.
247 3130 284 3202 11,
308 3134 354 3188 17.
394 3128 528 3193 Primum
551 3129 667 3211 quidem
688 3129 732 3187 nd
750 3128 948 3191 Democritum
969 3148 1014 3185 me
1028 3148 1119 3186 uocas.
1140 3125 1216 3185 Plin.

140 3208 277 3290 Epptx,
294 3217 324 3284 2,
340 3217 368 3270 2.
389 3209 434 3271 ad
451 3214 533 3273 euius
554 3204 718 3290 exemplum
737 3206 797 3269 nos
810 3231 901 3270 rocos.
922 3210 1085 3289 Paneg.58·
1105 3205 1174 3268 Non
1187 3215 1218 3265 te

138 3291 182 3349 ad
201 3293 363 3372 exemplum
386 3297 447 3352 eins
475 3314 552 3354 coeo.
588 3291 692 3367 Quint.
713 3292 789 3364 Vnt,
811 3294 841 3364 5,
859 3295 908 3349 33.
950 3289 1003 3348 Ae
1021 3307 1109 3370 quem
1130 3302 1218 3368 nsque

138 3392 192 3431 nos
213 3376 324 3431 coeatis
345 3383 525 3434 uetustatem
566 3372 616 3432 Sic
638 3392 774 3439 revocare
795 3368 856 3432 Cic.
877 3371 966 3430 Tusc.
985 3373 1022 3444 11,
1044 3374 1168 3443 23160.
1211 3378 1214 3383 “

144 3518 148 3541 .
221 3467 331 3527 liabent
351 3473 382 3528 in
408 3472 465 3532 line
489 3488 546 3530 suo
564 3466 690 3548 fhrtunrt
712 3463 982 3549 concupiscendum]
1010 3463 1104 3525 codd.
1130 3464 1217 3525 Facu·

140 3547 252 3609 Vuticc.
281 3551 354 3609 Ern.
377 3574 441 3632 sqq.
467 3564 584 3634 praeter
611 3549 735 3610 Seebod.
759 3549 850 3610 Orell.
879 3550 975 3629 Rup,
1002 3545 1053 3627 qui
1080 3564 1219 3626 recepere

139 3634 170 3693 in
189 3632 246 3690 ltere
264 3640 416 3712 praesenti
432 3634 499 3695 leet.
522 3631 614 3694 codd.
630 3634 694 3692 Per.
709 3631 795 3691 Viud.
816 3631 971 3693 Eddnnte
993 3631 1061 3689 Ern.
1097 3626 1219 3687 Habent

141 3714 397 3794 concupiscendum
418 3716 436 3775 i.
460 3739 487 3796 q.
516 3713 782 3794 concupiscendum
810 3710 846 3772 iis
874 3723 927 3771 est.
969 3712 1048 3770 Haec
1068 3716 1219 3783 structum

139 3794 244 3853 usitata
264 3807 311 3855 est
337 3796 409 3857 solis
436 3795 632 3878 scriptoribus
660 3806 814 3875 argenteae
844 3804 874 3853 et
895 3790 1070 3873 posterioris
1098 3789 1217 3851 aetatist

139 3874 214 3934 litat.
238 3886 266 3938 8.
290 3881 412 3939 19..31.
433 3886 481 3940 36.
502 3885 550 3938 37.
585 3882 663 3948 Anu.
684 3880 733 3950 IV,
755 3879 803 3936 40.
840 3874 1033 3947 Hist.1‚15.
1069 3892 1093 3933 c.
1117 3882 1218 3931 annot.

140 3955 228 4019 Bach.
244 3958 318 4021 Ptin.
334 3960 453 4041 Eppt,
476 3966 506 4036 6,
529 3966 555 4019 6.
577 3956 645 4038 ibiq.
668 3955 907 4017 Gier.Eckstcin.
928 3956 964 4016 ed
980 3953 1054 4016 Diat.
1074 3961 1099 4014 1.
1120 3955 1218 4013 Fron-

140 4037 193 4097 tin.
221 4040 346 4123 Strateg.
367 4046 390 4116 1,
413 4044 444 4118 4,
467 4047 494 4103 3.
516 4063 540 4102 c.
560 4051 660 4101 annot.
681 4037 818 4101 Schweb.
898 4090 902 4099 .

223 4139 301 4218 quod
317 4139 440 4222 timent]
474 4138 569 4201 Codd.
597 4140 683 4197 Fam.
711 4136 821 4196 Vaticc.
850 4132 967 4195 Broter.
995 4131 1066 4195 Ero.
1095 4141 1218 4197 receutt

140 4222 183 4281 ait
201 4220 277 4300 qndd
295 4218 390 4284 Codd.
409 4223 475 4283 Par.
496 4220 582 4281 vind.
605 4219 679 4280 Edd.
698 4239 798 4309 nsque¹
814 4217 851 4278 ed
866 4217 988 4368 Brotez
998 4236 1049 4341 *an
1068 4216 1150 4277 uncis
1171 4215 1219 4274 ina
