2970 4808
526 258 664 377 cap.
688 294 780 357 xlx.
949 372 956 387 ι
1107 370 1111 377 .
1174 295 1238 355 aas

154 466 245 541 erat,
272 466 304 525 et
330 451 359 523 si
388 450 463 551 quis
491 447 651 522 odoratos
677 447 923 550 philosophiam
946 449 1116 523 videretur
1136 439 1237 551 atque

152 633 224 683 natu
248 620 351 680 maiori
372 620 508 701 assignat.
558 615 603 678 Cf.
625 617 774 700 Spalding.
800 619 836 677 ad
865 618 969 694 Quint.
989 621 1048 694 lll,
1061 623 1091 693 1,
1113 623 1162 678 16.
1187 623 1234 678 19.

153 704 192 775 11,
216 709 264 776 15,
278 705 335 761 -14,
378 702 493 761 Schott.
516 700 552 759 de
573 697 640 758 clar.
666 721 710 778 ap.
731 701 834 774 Senes.
856 700 969 768 rhetor.
991 724 1019 781 ρ.
1039 704 1108 761 401).
1147 700 1236 760 Alter

152 784 367 862 Hermagoras,
396 804 482 861 qoem
512 780 630 841 Nostius
656 780 779 859 interpr.
807 802 889 839 vero.
916 804 943 861 p.
970 788 1040 841 209.
1069 781 1143 841 salso
1165 780 1232 841 1).1.

152 863 313 938 intellexit,
333 864 404 924 item
425 862 576 923 Temnites
594 860 668 933 suit,
700 860 802 920 rhetor
822 862 916 920 multo
938 863 1061 937 clarior,
1086 862 1135 942 qui
1156 863 1234 924 circa

150 938 243 1004 isam
280 944 448 1005 Ciceronis
469 956 589 1004 aetatem
620 942 745 1022 primum
780 943 898 1016 Rhodi,
935 943 1039 1003 deinde
1078 965 1136 1004 una
1165 966 1232 1005 corn

127 1050 131 1067 ¹
153 968 280 1087 Caecilio
302 1038 332 1085 et
351 1026 500 1109 Dionysio
521 1027 633 1084 Romae
653 1023 828 1083 rhetoricam
852 1044 949 1083 eoram
970 1024 1069 1085 moltis
1088 1024 1231 1098 auditori·

152 1106 209 1167 bus
231 1108 350 1179 docuit,
378 1127 476 1186 aquo
506 1114 768 1178 commemoratur,
796 1118 830 1164 nt
858 1106 893 1164 de
917 1108 1038 1184 invent.
1058 1110 1081 1180 1,
1103 1112 1131 1172 6,
1150 1113 1177 1167 8.
1205 1108 1230 1184 1,

154 1194 204 1264 11,
227 1196 275 1249 16.
325 1189 408 1247 Brut.
438 1193 487 1260 76,
508 1193 578 1248 263.
600 1193 650 1260 78,
671 1192 760 1259 271.,
781 1185 949 1266 saepissime
977 1208 993 1246 a
1022 1186 1148 1261 Quintil.
1170 1188 1188 1247 l.
1208 1187 1228 1248 l.

151 1272 202 1343 lll,
225 1276 255 1342 3,
278 1277 305 1329 9.
329 1276 360 1342 5,
385 1273 431 1329 14.
451 1282 507 1328 etc.
556 1268 683 1347 Scripsit
702 1267 811 1326 multos
835 1268 926 1327 libros
947 1268 983 1326 de
1004 1267 1169 1345 rhetorica,
1196 1269 1229 1329 in
1327 1273 1334 1285 '

150 1372 207 1430 qua
227 1351 298 1411 lecit
326 1350 408 1410 velot
427 1349 681 1432 propriamlsiam.
729 1352 895 1408 Westerm.
918 1348 936 1406 Ι.
957 1349 976 1407 Ι.
1006 1348 1033 1427 §.
1056 1356 1104 1410 81.
1126 1362 1156 1409 et
1177 1356 1227 1410 83.

144 1432 312 1491 Bernhard.
342 1433 472 1492 Grundr.
501 1432 528 1491 d.
561 1430 680 1490 Grieeh.
699 1430 803 1488 Litter.
831 1430 898 1489 Vol.
918 1434 939 1486 1.
967 1453 996 1510 p.
1019 1433 1088 1490 402.
1131 1428 1164 1491 C.
1187 1432 1226 1492 G.

66 1507 72 1524 ⁸
148 1513 272 1573 Pideriti
292 1525 447 1573 comment.
468 1513 504 1572 de
521 1514 702 1593 Hermagora
721 1510 850 1571 rhetore.
893 1510 1039 1570 Hersleld.
1059 1517 1144 1571 1839.
1166 1518 1194 1571 8.

229 1609 422 1692 Apollodori]
453 1607 595 1691 Copulam
619 1620 648 1668 rt
670 1631 735 1669 cum
756 1606 830 1667 Cod.
858 1609 943 1667 Farn.
971 1609 1112 1689 expunxit
1136 1608 1224 1668 Bach.

148 1692 314 1774 asyndeton
334 1704 482 1766 statuens,
512 1692 595 1752 cuius
625 1692 729 1750 c'l'ac.
753 1688 843 1749 multa
870 1689 1000 1769 exempla
1019 1691 1168 1772 congessit
1188 1688 1225 1750 ad

147 1772 226 1832 Ano.
248 1776 301 1848 xl,
329 1780 376 1847 5.,
409 1795 425 1833 c
448 1773 554 1851 quibus
575 1794 667 1831 arnum
688 1783 802 1830 tantum
822 1773 900 1845 Xlll,
929 1777 978 1837 55.
1006 1771 1063 1832 huc
1083 1770 1224 1852 pertinet,

147 1876 238 1934 quum
259 1854 312 1914 alia
341 1855 380 1914 sit
401 1854 477 1914 ratio
504 1854 754 1915 substantivorum
783 1874 868 1931 qoam
895 1873 1003 1910 nomm.
1024 1873 1125 1933 propr.
1143 1857 1237 1929 doun,

147 1942 225 2004 δέτως
242 1937 418 2015 positorum,
440 1937 475 1994 de
496 1957 552 2015 qua
571 1935 599 1993 h.
620 1934 639 1992 l.
659 1935 802 2016 agendum
818 1946 871 1993 est.
911 1932 1016 1993 Solent
1036 1934 1112 1992 enim
1125 1934 1232 2005 Latin,

146 2039 207 2076 non
230 2018 325 2076 solum
347 2018 377 2077 in
392 2018 624 2100 magistratuum,
643 2017 694 2075 sed
713 2015 798 2075 etiam
813 2016 843 2073 in
857 2014 980 2074 aliorum
996 2014 1148 2074 hominum
1164 2037 1221 2076 no-

146 2098 286 2172 minibus,
309 2100 333 2158 si
353 2098 414 2157 bini
434 2098 665 2180 coniunguntur,
687 2097 820 2177 copulam
840 2098 987 2170 omittere,
1007 2117 1080 2174 quae
1093 2096 1141 2157 hic
1160 2097 1221 2158 illic

147 2180 183 2238 ab
204 2180 285 2239 editt.
309 2180 382 2240 male
402 2181 513 2239 intrusa
526 2192 579 2239 est.
621 2180 687 2239 Tac
710 2179 787 2237 Ano.
805 2179 882 2252 Xlll,
902 2184 950 2235 55.
995 2177 1120 2251 Tiberio,
1143 2179 1221 2237 Ger-

147 2265 273 2319 manico.
296 2262 396 2321 Germ.
410 2266 457 2322 34.
489 2262 598 2337 Druso,
621 2261 797 2319 Germanico
813 2259 882 2339 ihiq.
898 2260 983 2318 lless.
1000 2257 1081 2319 ‘Cio
1103 2259 1165 2318 011.
1182 2262 1218 2336 11,

148 2348 197 2400 17.
229 2343 358 2401 Dicebat
379 2343 455 2401 idem
478 2342 582 2416 Cotto,
605 2342 693 2401 Corio
714 2339 783 2419 ihiq.
806 2340 947 2421 lleusing.
968 2352 997 2399 et
1017 2339 1113 2399 Beier.
1140 2340 1218 2401 Lael.

147 2427 197 2497 11,
218 2428 266 2483 39.
310 2424 381 2483 (llam
403 2435 431 2482 et
453 2444 518 2482 cum
535 2428 571 2483 iis
592 2434 621 2482 et
641 2427 718 2480 inter
735 2443 767 2480 sc
789 2425 1036 2481 coniunctissimos
1046 2420 1143 2500 saissa
1163 2424 1217 2482 Μ’.

147 2503 267 2562 Curium
303 2505 331 2563 T
327 2510 346 2563 i.
378 2506 589 2565 Coruncanium
619 2507 777 2564 momoriae
802 2503 950 2585 proditum
977 2511 1029 2560 est.
1064 2523 1088 2562 c.
1117 2515 1218 2563 annot.

145 2584 240 2644 Klotz.
259 2608 286 2665 p.
311 2591 377 2645 152.
405 2588 489 2646 Brut.
510 2590 561 2659 42,
584 2588 650 2645 154.
700 2586 851 2666 Quumque
870 2583 1000 2642 discendi
1017 2603 1123 2643 caussa
1144 2584 1217 2644 duo}
1275 2628 1289 2645 2

145 2667 198 2725 dns
214 2670 400 2747 peritissimis
420 2689 539 2749 operam
560 2667 687 2727 dedisset
705 2668 740 2725 L.
760 2666 872 2724 Lucilio
893 2665 1005 2738 Baldo,
1035 2665 1066 2722 C.
1086 2664 1216 2760 Aquillio

146 2748 234 2805 Gallo
249 2747 315 2828 (ubi
330 2750 427 2809 Peter.
444 2748 518 2808 bene
533 2760 562 2808 et
577 2749 613 2808 ab
627 2748 752 2808 Ellendt.
771 2759 801 2806 et
815 2748 927 2829 Meyer.
943 2758 1089 2805 servatum
1105 2744 1215 2829 erosit).

143 2828 219 2887 Vell.
239 2831 300 2887 Pat.
315 2831 351 2903 ll,
366 2838 416 2890 20.
457 2830 524 2891 Non
545 2841 612 2889 erat
630 2832 743 2903 Mario,
763 2830 889 2909 Sulpicio
905 2827 998 2886 Cinna
1014 2832 1214 2967 tenpperotior.

143 2909 180 2984 ll,
203 2915 251 2968 39.
308 2910 424 2971 Gallias
449 2916 579 2992 primum
612 2912 757 2983 Duratio,
785 2910 897 2983 Fabio,
927 2918 1029 2990 nepotc
1085 2910 1161 2967 aolli
1174 2941 1215 2959 -

142 2995 272 3049 intratos
292 3015 316 3053 c.
336 3006 437 3054 annot.
457 2993 560 3053 Kraus.
579 2993 643 3052 Liv.
666 2995 714 3066 lV,
738 2989 808 3051 30!
838 2990 976 3050 Consules
991 2987 1073 3068 fiunt
1092 2990 1129 3049 L.
1148 2989 1214 3049 Pa-

139 3075 234 3151 pirius
254 3074 390 3145 Crassus,
409 3076 444 3134 J..
464 3074 564 3135 Iulius.
592 3076 641 3134 vd.
660 3072 835 3133 llamshorn.
857 3071 884 3152 ξ.
902 3076 969 3133 188.
985 3092 1009 3129 a.
1023 3104 1063 3115 -
1090 3070 1214 3153 Apollo-

28 3174 32 3181 ’
142 3152 241 3227 dorus,
262 3155 366 3215 rhetor
377 3157 587 3238 Pergamenus,
607 3168 780 3235 praeceptor
794 3137 926 3213 Caesaris
940 3151 1070 3232 Augusti
1086 3151 1212 3230 Apollo·

141 3233 206 3293 niae
234 3235 291 3295 suit
318 3235 415 3316 (Suet.
435 3239 512 3319 Aug.
535 3241 583 3295 89.
616 3237 721 3310 Quint.
742 3238 790 3308 lll,
821 3241 849 3309 1,
874 3235 954 3311 17.),
993 3231 1076 3291 cuius
1104 3244 1212 3292 sectam

75 3327 81 3337 '
142 3315 193 3393 qui
208 3317 420 3397 sequebantur
444 3317 638 3397 Apollodorei
673 3327 743 3375 sunt
777 3313 911 3394 appellati
938 3312 986 3372 sd.
1012 3311 1116 3386 Quint.
1144 3312 1163 3371 Ι.
1191 3312 1211 3372 l.

140 3397 170 3475 ᾗ·
193 3400 251 3472 18,
271 3419 288 3456 a
308 3418 366 3477 quo
388 3399 502 3479 saepius
524 3409 776 3457 commemoratur.
797 3396 844 3455 vd.
863 3391 998 3453 Boonell.
1013 3394 1083 3451 Lar.
1105 3394 1211 3468 Quint.

140 3476 204 3533 lnd.
230 3501 259 3559 p.
291 3483 359 3537 986.
407 3480 574 3561 Diligenter
601 3480 637 3538 de
674 3498 710 3538 eo
744 3477 815 3536 haec
856 3474 974 3556 scripsit
1007 3474 1104 3534 Strab.
1131 3476 1210 3548 Xlll,

63 3568 70 3579 “
139 3559 171 3630 4,
192 3556 222 3615 3.
244 3557 310 3618 Vol.
327 3562 362 3615 V.
386 3582 413 3639 p.
436 3564 505 3621 463.
526 3559 647 3618 Tzseh.:
683 3562 704 3619 ὅ
719 3562 805 3637 ῥήτωρ
829 3559 844 3616 ὁ
871 3561 918 3625 τὰς
941 3561 1034 3625 τέχνας
1053 3558 1211 3634 συγγράψας

139 3648 184 3699 καὶ
211 3643 256 3711 τήν
281 3642 381 3717 αἵρεσιν
396 3642 620 3717 Ἀπολλοδῶρειο)
646 3643 820 3719 παραραρῶ),
846 3646 873 3699 εἴ
896 3664 934 3707 τις
954 3639 1011 3697 ποτ’
1029 3644 1099 3695 lori·
1126 3641 1212 3698 πολλὰ

138 3724 190 3798 γὰρ
211 3727 357 3801 ἐπεκράτει·
377 3722 483 3799 μείζονα
502 3729 530 3782 dt
550 3725 570 3795 ἢ
589 3725 656 3782 καθ’
668 3726 739 3798 ἡμᾶς
757 3730 850 3793 ignara
863 3724 907 3792 τήν
921 3728 1021 3797 κρίσιν·
1044 3708 1209 3780 driostunt

138 3807 156 3875 ἡ
176 3806 403 3883 Ἀπολλοδώρειος
429 3814 530 3883 αἵρεσις
559 3817 603 3864 καὶ
623 3805 642 3877 η’
663 3808 830 3882 Θεοδώρειος.
871 3806 999 3862 Μάλιστα
1018 3805 1048 3860 dl
1066 3805 1141 3879 ἐξῆρε
1165 3806 1210 3861 τό)

138 3887 340 3963 Ἀπολλόδωρον
366 3888 384 3958 ἦ
405 3895 451 3948 soii
470 3897 609 3964 Καίσαρος
635 3895 711 3960 φιλία
730 3893 778 3947 τοῦ
797 3888 949 3960 Σεβαστοῦ,
978 3886 1138 3942 διδάσκαλον
1161 3889 1209 3942 τῶν

137 3970 220 4041 λόγω)
238 3971 392 4043 γενόμενον·
415 3975 543 4046 μαθητήν
562 3973 586 4028 δ’
602 3977 678 4045 ἔσχε)
696 3973 835 4042 ἀξιόλογον
854 3966 1011 4028 Aoordooori
1039 3969 1083 4024 τό)
1103 3970 1208 4037 ioculo·

136 4057 220 4110 θίιτα
247 4053 381 4115 Ἀιιικό),
408 4060 514 4125 uola'rnr
538 4054 635 4111 αὐτοῦ·
657 4064 701 4110 καὶ
722 4053 851 4126 σοφιστής
869 4039 903 4119 dr
921 4050 1010 4115 ἱκανός
1028 4058 1072 4106 καὶ
1091 4071 1209 4124 συγγρα·

136 4137 201 4205 <peis
216 4146 259 4192 καὶ
278 4135 456 4209 λογογράφος.
497 4133 603 4194 Libros
623 4132 800 4215 Apollodori
820 4132 950 4190 Graecos
976 4134 1068 4198 τέχνης
1086 4127 1208 4187 nomine

137 4213 232 4273 editos
255 4211 287 4276 C.
307 4214 428 4298 Valgius
450 4213 547 4276 Rufus
567 4228 679 4296 poeta,
704 4216 783 4299 illius
809 4212 989 4292 discipulus,
1015 4209 1048 4268 in
1071 4209 1207 4267 Latinum
