2970 4808
567 278 726 359 Dialogus
745 268 785 338 da
810 266 995 338 Oratoribus

616 416 936 514 'aspum

235 587 241 597 ⁴
343 559 488 634 Vixdum
517 557 648 631 finierat
672 558 846 631 Maternus
880 558 1065 631 concitatus
1096 574 1128 631 et
1157 556 1245 631 velut
1270 559 1326 633 in·

246 661 406 752 stinctus,
433 686 536 758 quum
563 658 746 759 Vipstanus
772 656 930 730 Messalla
957 655 1147 731 cubiculum
1176 659 1247 732 eius
1273 660 1328 732 in-

247 785 383 857 gressus
401 775 462 846 est,
488 757 745 857 suspicatusque
767 784 807 829 ex
825 757 901 857 ipsa
916 756 1100 829 intentione
1115 756 1327 854 singulorum

248 857 397 931 altiorem
419 857 506 930 iuter
523 884 581 928 eos
602 880 675 928 esse
700 883 909 943 sermonem,
943 858 1030 928 Num
1056 882 1175 954 parum
1200 873 1329 956 tempe-

248 958 370 1043 stivus,
405 957 532 1056 inquit,
563 956 723 1033 interveni
748 953 1119 1028 secretum‘consilinm
1145 971 1178 1027 et
1208 983 1329 1030 causae

248 1055 389 1129 alicuius
418 1054 664 1128 meditationem
690 1052 933 1126 tractantibus?
990 1052 1149 1140 Minime,
1181 1055 1330 1144 minime,

248 1155 359 1254 iuquit
392 1155 588 1240 Secundus;
632 1170 731 1252 atque
763 1152 849 1225 adeo
882 1151 998 1239 vellem
1032 1152 1194 1227 maturius
1227 1154 1331 1227 inter-

248 1255 408 1329 uenisses.
465 1253 671 1326 Delectasset
696 1251 785 1323 enim
817 1268 848 1323 te
869 1268 913 1325 x'et
941 1250 1027 1352 Apri
1057 1252 1163 1325 nostri
1194 1281 1331 1327 accura-

249 1353 400 1427 tissimus
427 1380 557 1440 sermo,
593 1379 697 1450 quum
721 1350 930 1437 Maternum,
963 1368 1000 1445 ut
1035 1378 1133 1423 nurus
1158 1352 1331 1449 ingenium

250 1474 292 1527 ac'
315 1453 463 1526 studium
494 1479 592 1527 suum
619 1451 663 1523 ad
689 1476 807 1523 causas
834 1449 982 1546 agendas
1015 1469 1240 1539 converteret,
1275 1479 1333 1524 er-

250 1549 403 1626 hortatus
419 1567 493 1638 est,
519 1568 552 1624 et
574 1548 719 1623 Materni
742 1574 806 1648 pro
833 1548 1039 1622 carminibus
1064 1549 1135 1622 suis
1158 1552 1253 1639 laeta,
1279 1566 1333 1623 ut·

252 1678 319 1753 que
337 1668 454 1755 poetas
470 1649 608 1725 delendi
627 1646 778 1737 decebat,
800 1647 977 1731 audentior
993 1665 1023 1720 et
1038 1665 1212 1750 poetarum
1232 1678 1334 1750 quam

313 1820 384 1904 Cap.
405 1823 484 1882 XlV.
523 1824 685 1882 concitatos
705 1831 735 1881 et
755 1822 831 1882 oelut
849 1816 1019 1903 instinctus]
1050 1822 1130 1883 Haec
1157 1833 1228 1882 sunt
1254 1821 1333 1883 reie-

251 1905 344 1967 reuda
363 1904 400 1965 ad
421 1903 624 1967 audentiorem
645 1913 675 1963 et
692 1914 850 1986 poetarum
871 1925 962 1985 quam
990 1914 1142 1964 oratorum
1163 1904 1335 1964 similiorem

246 1992 423 2051 ‚orationem
450 1982 512 2047 Cic.
534 1984 632 2045 Diria.
647 1987 676 2062 l,
698 1991 747 2045 31.
788 1986 888 2046 Furor
907 1985 1093 2067 appellatur,
1115 2007 1202 2068 qaum
1225 2005 1246 2043 a
1266 2007 1334 2045 aar·

250 2089 323 2155 pore
345 2073 462 2128 animus
483 2068 650 2126 abstractus
671 2066 768 2127 divino
781 2140 783 2145 s
798 2070 936 2128 instinctu
965 2071 1140 2133 concitatum*
1170 2065 1272 2142 Quint.
1293 2064 1333 2142 X,

254 2156 284 2225 1,
312 2155 361 2211 90.
408 2150 545 2210 Lucanas
571 2149 680 2207 ardens
708 2161 738 2209 et
762 2152 924 2230 concitatus
938 2147 1068 2209 licitur.
1112 2148 1169 2208 vt.
1196 2147 1335 2208 Doederl.

251 2232 316 2294 Lac
338 2233 453 2317 Synna.
474 2228 542 2290 Vol.
564 2231 586 2288 Ι.
607 2252 634 2311 p.
660 2234 726 2289 158.
1272 2296 1275 2301 Α

336 2336 426 2396 quum
448 2314 604 2392 Wpstanus
622 2308 784 2392 Messalla]
809 2311 947 2370 Vibanius
968 2309 1042 2372 cod.
1063 2323 1121 2372 vet.
1137 2309 1240 2371 Ursin.
1261 2307 1336 2371 cod.

252 2396 339 2456 Fara.
366 2415 411 2474 ap.
437 2393 516 2474 Lips.
544 2402 573 2451 et
601 2391 758 2473 Schluttig.
787 2403 816 2450 at
854 2393 1001 2452 Urbanius
1030 2414 1075 2474 ap.
1103 2391 1225 2452 Bcklter.
1260 2391 1338 2453 sicut

251 2474 332 2552 coa
352 2475 418 2535 Par.
445 2475 500 2533 Ed.
527 2473 605 2553 Spin
628 2473 764 2533 Urbanus
787 2470 862 2533 Cod.
882 2474 970 2535 Vind.
994 2486 1065 2534 vett.
1086 2475 1159 2534 Edu.
1184 2477 1338 2555 Vipsanius

166 2575 170 2582 '
254 2557 335 2638 Lips.
355 2554 475 2616 Picbeu.
494 2552 530 2615 al.
553 2557 719 2636 Wpsianius
739 2555 857 2613 Bruter.
881 2557 1036 2635 llpstanus
1056 2556 1151 2639 Ryck.
1172 2557 1226 2615 lac.
1242 2556 1338 2616 Grom

253 2640 328 2700 Era.
347 2649 489 2711 reccath,
519 2636 596 2695 sicut
621 2654 729 2695 nomen
759 2634 899 2695 exhibent
926 2636 1035 2716 lapides
1056 2660 1100 2719 ap.
1121 2638 1224 2697 Ursini
1239 2639 1338 2718 spon.

256 2721 380 2781 Gruter.
407 2719 454 2778 vd„
476 2716 592 2777 Waltb.
614 2717 650 2777 ad
669 2717 749 2777 Anu.
771 2717 822 2790 xt,
844 2723 893 2777 23.
918 2718 1018 2799 ttyck.
1040 2720 1076 2780 ad
1097 2718 1229 2795 xlv,'1.
1263 2718 1340 2780 Eck-

256 2801 344 2863 stein.
364 2800 502 2882 Prolcgg‚
524 2820 552 2878 p·
578 2800 624 2859 14.
969 2830 973 2833 -

336 2885 555 2963 suspicatusque
574 2882 698 2960 calinsa
717 2881 875 2944 intentione
900 2883 1079 2956 singularum
1101 2884 1240 2944 altiorem
1261 2886 1338 2944 inter

197 3004 199 3009 ,
256 2984 306 3024 eos
325 2982 388 3022 esse
407 2959 587 3041 sermonem]
616 2960 780 3021 intentione
800 2982 840 3020 se.
861 2961 979 3038 vultus,
999 2975 1080 3023 recte
1101 2965 1192 3039 Era,
1214 2985 1276 3024 non
1295 2976 1340 3025 at·

207 3034 211 3059 ’
256 3043 392 3105 tentione
409 3055 445 3103 ut
465 3041 598 3113 Sebulu.;
621 3063 686 3101 uam
705 3061 744 3119 ,ex
765 3041 928 3122 improviso
949 3045 979 3103 in
998 3045 1166 3105 cubiculum
1185 3046 1340 3123 intrantes,

256 3124 310 3186 ubi
326 3123 426 3205 plures
448 3123 679 3204 colloquuntur,
702 3143 737 3182 ex
753 3122 820 3203 ipso
837 3144 941 3183 eorum
960 3125 1044 3185 vultu
1065 3147 1247 3209 cognoscere
1267 3149 1341 3208 pns-

258 3228 377 3281 sumus,
406 3215 508 3265 utrum
529 3203 674 3265 derebus
705 3204 789 3264 seriis
811 3205 1024 3286 gravibusque,
1055 3229 1091 3266 an
1110 3209 1147 3268 de
1168 3209 1278 3269 iocosis
1298 3210 1342 3271 le-

257 3288 404 3367 vibusque
423 3296 518 3370 agant.
553 3285 661 3375 Altior*
672 3284 692 3345 i.
715 3307 744 3366 q.
764 3286 904 3369 gravior:
933 3288 1036 3364 Quint„
1057 3290 1108 3367 lll,
1130 3297 1161 3367 8,
1182 3294 1232 3352 42.
1254 3293 1344 3353 altior

208 3388 214 3407 t
257 3373 400 3456 quaestio.
757 3399 764 3411 ·
1408 3373 1425 3385 “

260 3452 262 3456 ’
342 3452 483 3527 Minime,
505 3452 642 3522 minime,
665 3452 695 3507 in
716 3451 759 3508 uit
777 3448 941 3526 Seuendus,
963 3461 997 3510 ai
1035 3451 1163 3534 eaden]
1185 3453 1246 3513 Pro
1264 3466 1344 3515 recte

258 3532 305 3593 bis
348 3532 426 3592 osito
448 3534 566 3590 minima
581 3531 612 3591 iu
628 3471 722 3591 Cocli.
743 3539 774 3588 et
794 3529 866 3590 Edu.
884 3532 973 3592 semel
1021 3534 1103 3593 rank.
1121 3535 1232 3593 Osann.
1250 3534 1343 3594 Orell.

260 3554 477 3686 exbibuerunt,
499 3612 580 3691 quod
603 3609 752 3692 aptissime
767 3611 908 3673 convenit
925 3613 1133 3675 interlocutum
1153 3614 1277 3672 alterum
1294 3634 1343 3674 rs-

259 3693 375 3754 lellenti
398 3694 560 3754 intentiore
584 3713 740 3766 sermone,
762 3713 852 3771 quum
869 3694 1027 3771 Secundus,
1046 3716 1133 3777 aegre
1157 3694 1242 3770 serat,
1263 3696 1344 3755 Mes-

262 3774 362 3835 sallum
382 3775 479 3836 animo
506 3775 681 3836 ursormasse
707 3774 898 3849 sententiam,
928 3796 960 3836 se
980 3775 1009 3835 in
1033 3788 1127 3837 ratum
1154 3774 1220 3834 sare
1242 3776 1344 3857 dispu-

262 3855 412 3930 tantibus,
448 3868 483 3914 ut
511 3855 586 3915 bene
618 3854 770 3915 annotavit
796 3855 944 3918 Eckstein.
1024 3868 1090 3942 tque
1116 3856 1192 3919 adeo
1221 3857 1346 3941 explicat

263 3943 353 3999 immo
374 3937 468 3997 Hand.
488 3938 577 3995 Turs.
596 3936 664 3996 Vol.
686 3938 707 3995 l.
727 3940 845 4015 usos.

340 4021 445 4092 Ἰασέα,
474 4027 563 4098 utque
580 4029 685 4099 poetas
711 4014 830 4093 defendi
848 4016 1173 4094 deculatsaurleutior
1194 4030 1223 4079 et
1242 4029 1346 4102 poeta-

265 4122 331 4161 ram
349 4120 448 4194 ,quam
470 4109 619 4162 oratorum
646 4099 772 4167 similior
798 4098 913 4181 oratio]
948 4103 1048 4163 Laeta
1066 4106 1164 4164 oratio
1185 4113 1232 4162 est
1251 4102 1347 4162 oratio

265 4182 431 4266 pedestris,
450 4198 525 4260 qaae
544 4178 580 4238 ad
600 4178 745 4260 poeticam
763 4178 897 4260 proxime
915 4185 1035 4247 acoedis
1075 4186 1127 4247 Sic
1144 4182 1253 4251 isaaci
1268 4186 1348 4244 asor:
