2970 4808
585 303 664 389 Cap.
680 304 786 395 [XIV.
1061 351 1064 359 ·
1188 306 1236 369 89

146 473 318 541 oramrum
343 455 486 530 similior
510 455 627 529 oratio.
664 459 744 532 'Me
769 485 870 550 uero,
904 457 1032 557 inquit,
1066 475 1100 531 et
1124 483 1235 532 sermo

147 557 222 657 ipse
243 555 373 629 infinita
395 554 563 656 voluptate
594 554 781 647 affecisset,
813 575 913 657 atque
938 557 976 630 id
1005 557 1117 657 ipsum
1144 556 1235 631 dele·
1343 558 1348 561 ’

149 672 226 744 etat,
253 656 433 754 quadros,
460 655 522 727 viri
547 656 664 755 optimi
689 672 721 730 et
741 673 930 757 temporum
950 664 1142 733 nostrorum
1160 683 1236 728 ora-

148 771 259 842 tores,
292 782 360 827 non
387 752 581 829 forensibus
606 771 735 829 tantum
767 757 912 851 negotiis
929 771 977 828 et
1000 755 1238 831 declamatorio

149 852 412 951 studioingeuia
437 869 545 926 vestra
570 854 741 944 exercetis,
766 853 828 928 sed
853 854 1019 928 eiusmodi
1041 856 1139 955 etiam
1157 854 1236 929 dis·

151 1010 204 1086 iro
223 1033 254 1084 et
275 1024 398 1101 ἀνθηρός
415 1044 431 1084 a
453 1020 575 1084 Graecis
603 1033 787 1104 usurpantur
810 1024 858 1084 vd.
878 1002 1002 1083 Ernesti
1016 1023 1086 1083 Lex.
1105 1020 1236 1091 tecbnol.
1351 1078 1373 1091 ,,

153 1105 209 1165 Gr.
237 1125 261 1164 s.
291 1127 338 1165 rr.
367 1115 397 1163 et
424 1105 487 1164 Lat.
518 1127 541 1165 s.
569 1106 674 1164 laetus.
710 1103 825 1187 Dialog.
844 1112 894 1165 20.
921 1106 1039 1164 laetitia
1061 1115 1090 1164 et
1107 1106 1236 1187 pulchri-
1264 1062 1271 1159 Ι

140 1186 224 1247 'tudo
250 1190 410 1258 arationis,
440 1207 485 1266 ep.
513 1190 562 1246 21.
583 1188 700 1246 laetitia
721 1191 853 1269 nitorque
879 1197 1044 1247 nostrorum
1064 1194 1238 1268 temporum,

153 1289 198 1349 cp.
213 1274 262 1327 22.
282 1270 339 1327 laci
359 1270 506 1338 laetiores,
527 1289 572 1349 ep.
596 1273 645 1327 23.
666 1269 832 1327 laetissimo
853 1288 995 1351 quaeque.
1015 1265 1076 1328 Cic.
1098 1268 1134 1328 de
1154 1267 1238 1329 Orat·

91 1394 96 1399 ·
152 1352 177 1423 l,
202 1354 249 1422 18,
270 1351 318 1408 81.
341 1350 452 1408 laetum
471 1370 563 1423 genas
585 1349 745 1407 verborum.
765 1349 841 1410 Plio.
862 1351 937 1429 Epp.
958 1350 1008 1421 ΙΙΙ,
1031 1353 1080 1422 18,
1105 1355 1151 1409 10.
1172 1351 1237 1409 Iae-

153 1435 214 1490 tior
240 1432 334 1490 stilus.
373 1431 420 1490 De
445 1431 572 1501 discrim.
601 1429 735 1490 adiectis.
758 1432 870 1490 audeus
891 1444 921 1490 et
940 1430 1045 1491 audax
1065 1430 1102 1490 cs.
1119 1429 1238 1491 Ruhnk.

153 1510 254 1573 Sebol.
275 1512 413 1572 adsuet.
435 1509 518 1572 Caes.
540 1518 589 1572 58.
610 1511 751 1571 Doederl.
771 1514 833 1572 Lat.
853 1513 926 1596 Syn.
948 1511 1016 1571 Vol.
1043 1513 1077 1568 V.
1099 1533 1128 1590 p.
1149 1516 1236 1582 2584

154 1591 387 1735 ppdepg4rari'rrs
419 1592 456 1653 de
482 1593 572 1654 rebus
601 1591 725 1653 dicitur:
757 1593 1007 1678 spesaaderrtior
1025 1590 1123 1652 vater.
1145 1591 1239 1652 Flacc.

196 1718 207 1751 ‚
290 1717 298 1732 .
1219 1708 1223 1712 .

234 1773 288 1831 Me
310 1792 395 1846 uero,
418 1775 510 1854 iuquit
531 1769 586 1855 (se.
607 1768 775 1852 Messalla),
804 1782 834 1832 et
852 1794 949 1833 sermo
973 1776 1034 1856 ipse
1054 1766 1171 1866 infinita
1190 1790 1240 1830 aa·
1298 1758 1304 1771 ’

124 1867 128 1871 ’
155 1855 268 1950 luptate
282 1851 450 1935 affecisset]
472 1853 600 1935 Supple:
623 1854 650 1915 ei
669 1853 812 1915 maturius
833 1867 935 1915 restro
956 1873 1088 1915 sermons
1108 1850 1242 1913 interre-

153 1954 272 1995 nissem.

239 2019 295 2095 riri
311 2020 415 2100 optimi
433 2029 464 2077 et
482 2029 644 2100 temporum
665 2028 829 2077 usurarum
847 2013 1000 2096 oratores]
1021 2013 1157 2075 Messalla
1168 2011 1241 2072 ami-

156 2117 209 2157 eos
231 2119 302 2158 suos
324 2099 452 2179 optimos
467 2099 556 2175 ,siros
576 2096 704 2179 ¹appellat
724 2120 768 2181 cp.
791 2103 840 2156 30.
882 2098 932 2157 Ita
953 2101 1030 2156 errirrr
1051 2108 1111 2168 est,
1139 2097 1244 2177 optimi
1268 2094 1274 2233 Ι

158 2183 230 2248 sirie
250 2201 295 2258 cp.
314 2182 363 2239 41.
392 2179 519 2252 Credite,
540 2183 643 2262 optimi
662 2189 692 2238 et
712 2182 895 2261 inquantum
908 2199 980 2258 opus
997 2191 1041 2238 est
1055 2178 1244 2237 disertissimi

159 2264 222 2318 oiri.
263 2260 379 2321 Deinde
401 2261 558 2322 tenendum
580 2258 652 2335 est,
666 2272 800 2321 aratores
821 2281 886 2319 cum
908 2259 939 2319 ri
960 2258 1090 2339 positum
1110 2279 1186 2330 esse,
1206 2268 1242 2317 ut

158 2353 241 2402 recte
266 2341 412 2423 explicant
431 2344 595 2403 Heumann.
617 2353 648 2401 et
667 2341 837 2422 Wopkens.
861 2340 1008 2420 Obserrv.
1029 2338 1158 2399 miscett
1174 2336 1242 2405 Vol.

157 2424 222 2481 Vll.
244 2428 271 2482 3.
292 2445 320 2504 p.
343 2429 423 2498 391,
444 2436 479 2483 ut
500 2423 644 2483 sententia
664 2423 693 2483 lr.
716 2423 734 2482 l.
757 2422 811 2484 sit:
828 2425 931 2505 ,Vns,
960 2420 1016 2482 viri
1038 2420 1161 2503 optimi,
1190 2418 1243 2499 qui
1341 2470 1344 2479 .

157 2503 270 2573 nostris
287 2505 490 2586 temporibus,
513 2505 619 2586 quibus
641 2516 793 2564 oratorum
811 2525 922 2563 summa
935 2502 1063 2584 paucitas
1079 2513 1136 2574 est,
1156 2520 1244 2562 verae

164 2585 349 2665 eloquentiae
378 2587 531 2648 sustinetis
561 2586 684 2646 laudem.
725 2584 771 2647 Cf.
790 2584 865 2645 Dial.
887 2589 913 2644 1.
940 2594 1041 2644 uestra
1059 2585 1265 2665 potissimum·

160 2677 246 2737 aetas
266 2679 339 2743 ete,
368 2689 412 2749 ep.
436 2674 482 2729 15.
511 2691 596 2752 qaum
620 2668 725 2728 oblitas
745 2677 774 2727 et
796 2679 867 2728 tuae
888 2676 917 2725 et
929 2663 1042 2744 fratris
1062 2666 1244 2747 elrrquerrtr'ae

160 2760 233 2822 eto,
266 2769 310 2828 ep.
332 2754 380 2808 30.
408 2753 434 2810 is
464 2760 509 2810 est
535 2762 638 2830 orator
658 2750 722 2830 s'q.,
751 2770 796 2829 ep.
812 2753 863 2808 32.
892 2757 924 2807 ret
946 2746 1069 2830 denique
1094 2755 1244 2827 oratorem

160 2850 222 2890 esse
231 2827 381 2908 fateatur.

243 2911 456 2972 declamatorio
475 2911 590 2995 studio]
613 2912 668 2972 Vd.
690 2910 833 2993 Dialecp.
849 2914 896 2970 31.
914 2914 962 2970 35.
1002 2910 1246 2969 Declamatiorres

162 2988 358 3072 (declamare,
379 2995 581 3069 declamitare,
602 2989 810 3071 declamator),
831 2997 932 3068 pelium
953 2988 1088 3073 (μελετᾶν)
1109 2990 1140 3049 in
1155 2988 1245 3049 sebo-

161 3072 198 3133 lis
222 3074 377 3136 rhetorum
404 3075 621 3136 exercitationis
645 3096 731 3135 causa
758 3073 949 3147 dicebantur,
980 3074 1016 3133 de
1036 3082 1166 3153 quarum
1182 3069 1245 3130 ori-

162 3154 231 3237 gine
252 3156 419 3232 vd.·Quint.
436 3159 473 3232 ll,
488 3162 520 3232 4,
534 3160 584 3218 41.
624 3156 712 3219 Naue
715 3154 810 3233 fictas
829 3154 873 3213 ad
887 3157 1080 3214 imitationem
1093 3152 1159 3232 fori
1177 3173 1245 3211 corr-

162 3238 350 3318 silr‘arrrmque
379 3242 523 3298 materias
551 3237 633 3320 apud
660 3237 791 3296 Graecos
823 3235 919 3295 dicere
954 3238 1032 3294 circa
1059 3233 1246 3313 Demetrium

162 3316 342 3377 Phalereum
372 3322 536 3380 institutam
559 3319 629 3396 sere
654 3327 776 3377 constat.
797 3353 836 3365 -
889 3316 1010 3376 latinos
1039 3335 1104 3373 reru
1131 3312 1249 3372 dicendi

162 3409 366 3479 praeceptores
385 3403 526 3459 extremis
546 3399 581 3459 L.
603 3399 707 3460 Crassi
725 3396 901 3479 temporibus
920 3398 1046 3475 eaeprsse
1066 3394 1167 3453 Cicero
1188 3414 1247 3452 arr·

166 3487 231 3538 ctor
251 3487 312 3538 est:
340 3501 463 3560 quorum
487 3484 608 3555 insignis
633 3484 764 3539 maxime
793 3478 909 3538 Plotius
926 3474 997 3554 soit.
1040 3477 1112 3553 Quo
1137 3494 1246 3557 genere

64 3620 66 3627 ,
165 3557 408 3619 declamationum
433 3584 506 3621 usus
536 3562 575 3621 sit
603 3560 709 3622 Cicero
737 3558 830 3620 refert
849 3559 961 3619 -Seuee
990 3552 1135 3617 Controv.
1169 3557 1201 3614 L.
1224 3557 1246 3615 l.

164 3639 255 3721 prael.
284 3631 581 3725 Ellendt.*·Prolegg.
608 3644 642 3702 ad
664 3640 725 3703 cic.
746 3643 831 3700 Brut.
852 3662 881 3721 P·
904 3640 1093 3698 Lxxxvrrt.
1143 3637 1246 3711 Quum

164 3730 268 3802 postca
287 3722 455 3783 scholastici
475 3724 682 3783 declamatores
704 3720 855 3805 ‚suasorias
884 3720 1091 3799 iudicialesque
1113 3718 1246 3778 oratorias

165 3801 228 3862 sive
257 3806 476 3865 controversias
502 3806 584 3864 fictas
610 3803 728 3864 veritati
754 3801 958 3863 dissimillimas
992 3810 1151 3860 tractarent
1179 3811 1208 3858 et
1231 3819 1246 3857 a

148 3903 234 3943 -rera
252 3884 378 3968 imagine
406 3885 509 3947 orandi
529 3884 653 3945 multum
674 3885 866 3959 recederent,
890 3882 998 3943 sactum
1018 3892 1065 3941 'est
1085 3901 1187 3941 earum
1209 3878 1246 3937 li-

166 3964 311 4026 centirret
332 3967 463 4041 inscitia,
491 3978 527 4026 ut
546 3966 743 4046 eloquentiam
763 3966 847 4025 valde
867 3972 1100 4044 corrumperent.
1142 3962 1247 4036 Quint.

168 4047 203 4119 ΙΙ,
230 4051 279 4121 10,
300 4054 328 4107 3.
350 4051 403 4123 lV,
426 4054 475 4122 12,
500 4052 547 4108 17.
594 4047 641 4109 De
661 4048 778 4108 ratione
797 4054 829 4106 et
849 4046 975 4105 utilitate
1003 4042 1180 4104 declamandi
1200 4042 1248 4101 vd.

166 4126 204 4199 ll,
225 4131 291 4202 10.,
313 4130 353 4204 X,
375 4134 405 4203 5,
430 4132 477 4191 14.
516 4122 759 4190 Declamatiarres
781 4147 861 4200 aero,
882 4128 984 4208 quales
1004 4129 1036 4186 irr
1054 4125 1160 4184 selrolis
1179 4125 1248 4183 rire·

166 4216 265 4269 torum
292 4210 446 4287 elimatur,-
476 4214 505 4269 si
525 4209 614 4272 moda
638 4219 708 4272 saut
732 4208 776 4272 ad
804 4211 958 4269 ueritatem
983 4205 1193 4269 omamodatae
1219 4211 1250 4264 et
