2968 4810
533 330 540 349 ‚
618 271 695 352 Cap.
721 272 764 334 II.
882 296 886 307 ·
1191 279 1228 339 11

147 442 228 514 erat,
254 421 426 524 profluens
452 449 561 495 sermo
586 449 654 497 non
682 423 809 512 defuit,
835 439 868 497 et
882 424 977 524 Aper
1001 424 1092 497 omni
1103 428 1232 501 *erudi-
1289 475 1297 484 ·

144 525 236 601 tione
259 521 409 597 imbutus
436 521 668 596 contemnebat
692 524 804 622 potius
824 523 949 599 litteras
977 553 1077 626 quant
1103 531 1231 601 nescie-

144 623 205 699 bat
227 643 386 721 tanquam
412 622 574 693 maiorem
598 621 783 695 industriae
805 640 836 695 et
862 622 987 698 laboris
1007 623 1146 723 gloriam
1172 627 1230 705 Ira÷

143 722 297 807 bitures,
335 720 561 814 siingenium
587 722 658 794 eius
683 720 786 803 nullis
812 720 994 796 alienarum
1022 724 1143 797 artium
1171 727 1260 800 ada.
1295 788 1306 797 .,

143 820 312 895 minis-uiis
335 820 434 892 inniti
458 820 635 893 videretur.
1158 840 1162 847 ’

145 1008 221 1068 nihil
239 1010 382 1078 otiosum,
403 1007 430 1063 is
452 1004 571 1068 dicendi
587 1006 707 1078 modus,
730 1016 763 1064 ut
782 1026 836 1079 neo
858 1006 937 1084 quod
955 1006 1031 1067 desit
1052 1012 1082 1068 in
1102 1025 1156 1087 eo,
1177 1033 1231 1071 nea
1286 1022 1295 1029 ‘

146 1088 227 1171 quod
246 1087 405 1159 redundet,
426 1090 564 1145 invenias.
607 1088 649 1147 At
669 1087 744 1146 PIin.
765 1089 840 1169 Epp.
862 1089 927 1162 vn,
951 1094 978 1146 9.
1000 1101 1090 1159 -,εί
1107 1114 1228 1173 pressus

105 1220 108 1224 .
145 1191 244 1230 sermo
267 1189 418 1250 purusque
446 1188 484 1227 ea
513 1171 643 1248 epistolis
668 1174 781 1249 petitur
797 1176 842 1213 ‘·-
868 1182 996 1250 pressus
1015 1169 1033 1228 i.
1064 1194 1091 1251 q.
1120 1174 1229 1248 terreis,

143 1273 239 1335 purus
258 1251 277 1309 i.
299 1273 325 1331 q.
349 1249 425 1309 Iiber
441 1271 457 1308 a
473 1250 597 1330 poeticis
620 1251 798 1309 ornamentis
819 1249 870 1309 ubi
886 1252 933 1310 vd.
951 1251 1063 1333 Gierig.
1080 1256 1229 1314 -1Pro-

137 1334 241 1415 flnens
259 1353 355 1391 sermo
377 1332 396 1390 i.
413 1353 440 1410 q.
462 1345 597 1412 prompta
613 1366 654 1380 -·
677 1332 810 1412 expedita
829 1332 981 1406 facundia,
1011 1350 1071 1391 non
1093 1335 1176 1395 anxie
1200 1346 1231 1396 et

146 1413 272 1473 sollicite
298 1413 388 1473 verba
414 1432 556 1491 quaerens
592 1413 640 1472 vd.
670 1414 741 1471 Er‘n.
774 1415 844 1472 Lex.
873 1413 970 1473 techn.
1001 1416 1062 1472 Lat.
1092 1416 1228 1477 Schuetz.

50 1545 54 1549 .
145 1495 217 1554 Lex.
238 1494 299 1554 Cic.
321 1516 344 1553 s.
364 1515 392 1552 v.
414 1515 494 1572 supr.
516 1495 585 1555 Tac.
607 1494 685 1552 dnn.
707 1496 786 1568 XIII,
809 1501 837 1553 3.
868 1494 929 1554 Cic.
950 1495 1035 1554 Brut.
1058 1501 1106 1554 ot.
1127 1489 1160 1519 '¹'

225 1602 417 1678 inquantum
439 1599 515 1655 satis
535 1594 619 1677 erat]
641 1596 727 1656 Dian
750 1640 757 1654 .
778 1601 827 1656 21.
849 1598 897 1655 41.
919 1601 949 1654 in
970 1607 1083 1657 tantum
1108 1601 1158 1658 24.
1184 1596 1239 1658 cf.

147 1680 183 1740 de
197 1678 316 1738 formul.
337 1683 367 1736 in
390 1688 701 1758 tantum-quantum
725 1619 996 1759 ῗεΙς-ἐπιὶ-καιά
1015 1681 1229 1760 τόσον-έὸσον)

144 1760 260 1821 Dronk.
288 1759 387 1818 Eckst.
416 1771 445 1818 et
471 1757 559 1817 Bach.
580 1759 616 1817 ad
639 1760 666 1818 h.
688 1759 706 1817 1.
727 1761 814 1819 Hess.
838 1770 867 1818 et
890 1762 968 1841 Rup.
994 1762 1028 1819 ad
1051 1761 1153 1821 Germ.
1179 1766 1229 1823 45.

144 1841 237 1903 Roth.
265 1841 301 1901 ad
329 1839 429 1922 Agris.
450 1861 478 1920 p.
499 1847 560 1900 222
583 1862 627 1919 sq.
656 1862 806 1925 exponens
828 1842 864 1899 de
884 1863 941 1902 usu
962 1843 1119 1923 praeposit.
1141 1847 1171 1901 in
1198 1845 1230 1905 in

144 1920 281 1983 formulis
312 1926 342 1981 in
370 1932 504 1996 tantum,
538 1927 739 1998 eontrarium,
766 1924 915 2004 publicum
943 1935 997 1983 ete.
1025 1924 1231 1985 adverbialiter

145 2005 329 2088 accipiendis.
691 2008 694 2012 ’

228 2113 319 2178 οηπιίι
333 2107 495 2166 eruditione
516 2104 660 2190 imbutus]
699 2112 779 2168 omni
798 2107 891 2169 Codd.
916 2083 1116 2171 Farnfvattc.
1138 2114 1228 2173 4498.

145 2188 262 2251 Dronk.
285 2186 377 2249 Oreli.
397 2188 487 2248 BeItIc.
508 2190 542 2248 aI.
571 2211 636 2251 eum
660 2189 742 2269 reliq.
772 2188 864 2253 Codd.
897 2190 1005 2249 Vatice.
1026 2192 1117 2252 Paris.
1141 2195 1228 2269 I'ind.

147 2283 222 2333 vett.
240 2270 314 2329 Edd.
337 2275 483 2337 communi
502 2292 536 2329 ex
555 2272 669 2331 emend.
692 2272 787 2337 Rhen-
810 2270 892 2333 mult.
915 2272 987 2330 Edd.
1010 2294 1085 2333 rece.
1127 2273 1228 2334 Lectio

149 2355 232 2411 omni
252 2351 442 2410 confirmatur
454 2374 500 2417 vv.
522 2357 550 2411 si
565 2357 716 2427 ingenium
739 2357 801 2410 eins
822 2355 909 2411 nullis
930 2349 1095 2420 diienarum
1118 2361 1228 2416 artium

146 2433 334 2493 adminiculis
364 2436 450 2491 inniti
477 2434 630 2494 rideretur.
687 2433 790 2499 Tacito
820 2433 992 2501 obversatus
1025 2437 1142 2496 videtur
1168 2435 1228 2499 Cic'.

147 2514 182 2573 de
204 2514 286 2573 Orat.
308 2515 345 2588 II,
369 2518 396 2587 1,
429 2518 454 2572 1.
509 2516 552 2574 M.
580 2520 686 2574 autem
703 2512 864 2591 Antitnium
893 2519 1008 2575 omnino
1038 2522 1132 2577 omnis
1161 2540 1229 2577 eru-

147 2593 265 2652 ditionis
285 2590 435 2675 expertem
456 2606 545 2674 atque
566 2601 701 2672 ignarum
715 2595 821 2675 faisse.
845 2629 880 2642 -
925 2596 1076 2675 imbutus,
1098 2601 1178 2680 quod
1194 2600 1229 2657 ad

69 2696 74 2699 Ἴ
145 2675 362 2735 institutionem
381 2688 414 2735 et
436 2677 598 2737 doctrinam
619 2679 766 2752 refertur,
789 2679 824 2739 de
845 2678 900 2752 iis,
923 2677 973 2758 qui
994 2678 1099 2739 ieviter
1119 2680 1228 2751 eruditi
1322 2716 1327 2735 r

146 2768 234 2831 sunt,
265 2757 388 2819 dicitur:
420 2757 535 2842 Dialog.
561 2782 604 2841 ep.
628 2765 675 2819 19.
706 2764 774 2838 quin
795 2761 945 2819 elementis
963 2758 1144 2836 studiorum,
1174 2766 1231 2821 etsi

145 2860 202 2896 non
225 2842 401 2920 instructus,
422 2848 455 2897 at
475 2851 555 2900 certe
576 2842 703 2901 imbutus
724 2846 780 2915 sit;
801 2841 864 2907 add.
888 2850 952 2922 epp.
973 2847 1023 2901 29.
1045 2848 1093 2902 31.
1111 2847 1159 2905 34.
1181 2845 1228 2902 vd.

144 2919 292 2979 Boettich.
320 2920 390 2979 Lex.
419 2921 487 2983 Tac.
520 2944 543 2982 s.
564 2942 591 2983 v.
621 2923 727 2998 Quint.
747 2924 770 2998 Ι,
792 2930 822 2995 2,
846 2927 893 2982 16.
932 2925 1038 2982 litteris
1058 2926 1164 2984 saitem
1186 2927 1228 2984 Ir-

146 3005 218 3060 oiter
237 3001 372 3061 imbutus.
406 3002 510 3062 Horat.
532 3005 606 3087 Epp.
629 3007 666 3081 II,
686 3012 718 3079 2,
742 3010 769 3063 7.
811 3004 965 3064 Litterulis
986 3004 1113 3065 Graecis
1134 3008 1228 3069 imira-

145 3091 192 3143 tus
212 3082 281 3162 ibiq.
303 3082 430 3143 Schmid.
480 3086 585 3170 Syron
609 3108 655 3153 ma
675 3096 745 3145 sunt
764 3086 908 3161 imbutus,
930 3090 1098 3159 institutus,
1119 3092 1228 3148 instru-

145 3174 226 3239 ctus,
247 3160 371 3242 insectus
389 3163 452 3245 (vd.
472 3166 571 3231 Boett.
586 3110 661 3233 iex-
681 3168 750 3227 Tac.
770 3189 793 3227 s.
818 3166 883 3251 n),
903 3171 1020 3233 tinctus.

224 3267 428 3327 contemnebat
446 3274 547 3349 potius
570 3273 688 3331 litteras
709 3288 798 3349 qnam
819 3266 985 3348 nesciebat]
1018 3269 1081 3335 vd.
1105 3267 1229 3335 similem
1261 3286 1265 3291 ’
1297 3318 1304 3338 .

142 3345 243 3409 Iocum
257 3345 319 3406 Cic.
341 3347 376 3407 de
399 3348 482 3409 Orat.
501 3353 539 3425 II,
565 3353 643 3422 1‚·4.
665 3350 700 3419 de
721 3346 830 3416 Crasso
855 3359 884 3413 et
904 3348 1047 3416 Antonio.
1089 3349 1150 3413 Sed
1164 3349 1229 3427 fuit

144 3426 201 3486 noc
220 3431 250 3485 in
272 3438 395 3507 utroque
415 3448 532 3502 eorum,
563 3441 595 3490 ut
624 3429 749 3488 Crassus
766 3426 835 3488 'non
865 3439 928 3488 tam
956 3433 1125 3495 existimari
1146 3433 1229 3497 uellet

143 3527 202 3575 nan
230 3507 368 3573 didicisse
393 3530 483 3590 quam
512 3512 566 3579 ilia
588 3511 754 3591 despicere,
784 3520 813 3575 et
839 3521 1006 3575 nostrorum
1028 3512 1175 3575 dominum
1197 3517 1228 3574 in

144 3591 226 3649 omni
249 3609 358 3663 genere
384 3591 573 3671 prudentiam
602 3588 729 3653 Graecis
748 3589 917 3669 x(anteferres
953 3591 1099 3655 Antonius
1127 3604 1227 3659 auten

140 3670 371 3753 probabiliorem
400 3672 456 3733 irae
485 3676 594 3755 populo
623 3676 786 3739 orationem
804 3666 877 3755 sore
906 3670 1045 3737 censebat
1068 3695 1171 3753 suam,
1200 3678 1229 3736 si

144 3755 260 3815 omnino
281 3750 419 3815 didicisse
438 3776 587 3838 nunqnam
605 3764 784 3841 putaretur.-
804 3765 894 3839 atque
909 3759 953 3814 ita
968 3775 1001 3819 se
1016 3766 1137 3839 uterque
1152 3777 1227 3831 gra·

76 3864 85 3883 ’.
145 3831 353 3973 vienensem,
375 3836 404 3899 si
422 3836 499 3909 alter
516 3836 717 3912 cumennora,
739 3837 818 3899 aiter
834 3857 871 3898 ne
887 3858 973 3903 nosse
995 3837 1110 3917 quidem
1129 3836 1227 3903 Grae·

144 3933 194 3975 cos
214 3918 242 3973 ri
262 3925 369 3977 eretur.
466 3964 471 3971 „

225 3996 391 4079 alienarum
412 4016 541 4104 ortium]
562 4023 610 4101 Se.
630 4020 666 4087 ab
686 4033 749 4083 arte
768 4020 893 4087 dicandi.
935 4022 1087 4097 Quaenam
1106 4020 1160 4088 has
1178 4042 1227 4085 ιν·

143 4097 416 4255 &iiiiiiifii
442 4105 564 4185 exponit
591 4101 726 4167 Messalla
751 4102 821 4169 infr.
847 4124 893 4185 sp.
914 4109 1062 4167 30-32.
1100 4100 1163 4167 cia.
1190 4102 1227 4167 te
