2970 4808
239 217 305 285 tao
588 160 748 298 Dialogus
768 212 806 275 de
820 204 1015 303 Orator-ltine
1082 218 1086 221 ’

237 369 327 451 enim
359 365 427 467 iam
450 365 494 441 ab
520 381 654 441 oratore
677 365 774 440 etiam
803 364 964 468 poeticus¹
983 361 1105 454 duae,
1141 391 1211 437 nou
1235 363 1322 438 Attii

238 503 399 569 Gutmaun.
419 497 495 559 bene
515 497 728 578 interpretatae
747 508 809 558 eat:
826 517 916 556 weun
936 497 985 556 ein
1005 496 1146 558 Gedauke
1166 495 1321 555 13331133-

202 618 204 623 <
236 583 296 644 sem
320 581 443 664 ¹(melius
464 577 654 661 treisendem)
682 579 755 641 oder
780 578 899 638 kurzem
927 579 1131 673 Sinnspruehe
1156 577 1322 637 aulblitete.

196 690 219 699 -
237 666 357 743 Arguta
376 665 520 722 sententia
542 673 604 735 est,
626 681 701 741 quae
719 660 821 743 lepore
842 672 872 719 et
891 660 1088 720 concinnitate
1104 660 1231 720 animum
1252 658 1319 716 atfi-

211 668 286 817 [eit.
328 743 389 807 Cic.
411 745 494 803 Brut.
517 748 565 816 17,
589 747 637 802 65.
658 745 723 822 quis
736 738 880 821 (Catope)
902 775 938 788 -
962 745 1099 816 argutior
1114 747 1144 800 in
1159 743 1345 799 sententiis.'

209 823 213 831 ⁴
236 829 285 889 De
299 837 359 908 opt
380 844 446 906 gen.
464 841 508 887 oe.
521 830 552 898 2,
568 829 597 882 5.
626 824 844 882 Sententiarum
862 833 960 881 erutam
978 823 1099 882 totidem
1113 843 1224 897 genera
1238 830 1318 896 sunt,

236 898 306 993 quot
326 905 456 966 elicimus
484 926 546 965 ease
569 900 709 964 laudum:
736 913 805 963 sunt
834 908 910 962 enim
939 903 1065 985 docendi
1083 915 1209 977 acutae,
1237 903 1320 961 dele·
1387 979 1393 985 ἡ
1468 958 1469 981 ,

237 988 343 1052 standi
365 991 453 1071 quasi
486 996 630 1061 argutae,
669 985 867 1047 commorandi
890 1007 1006 1060 graues.
1049 986 1154 1061 Quint.
1182 988 1244 1058 xll,
1268 988 1319 1057 10,

235 1077 286 1133 48.
308 1068 575 1132 tententias‘utiles
590 1088 656 1128 esse
676 1067 767 1140 dixit,
797 1066 878 1145 quod
907 1067 1013 1126 feriant
1040 1067 1167 1133 animum
1197 1077 1227 1125 et
1255 1085 1319 1124 uuo

235 1153 297 1213 ictu
322 1152 494 1230 frequentes
520 1148 670 1231 impellant
696 1161 735 1208 et
755 1148 818 1228 ipsa
847 1147 990 1208 brevitate
1018 1150 1107 1232 magis
1131 1149 1268 1208 haereant
1288 1157 1321 1207 et

237 1233 432 1295 delectatione
454 1232 657 1312 persuadeant.
707 1229 763 1288 Vd.
791 1230 862 1289 Eun.
887 1231 956 1288 Lex.
988 1252 1012 1289 e.
1040 1241 1164 1305 argutus
1185 1241 1215 1288 et
1243 1249 1320 1299 aau-

202 1343 210 1399 ,
237 1327 293 1376 tus.
334 1312 496 1393 Effugere,
518 1311 595 1372 sient
617 1316 775 1371 enitescere
798 1344 833 1355 -
857 1310 1096 1391 exsplendescere
1117 1346 1155 1359 -
1178 1315 1320 1382 emicare,

204 1400 209 1437 1
238 1398 378 1457 dicuntur
400 1416 452 1467 en,
480 1414 554 1474 quae
585 1415 651 1453 cum
680 1392 797 1474 fulgore
825 1391 871 1452 vel
902 1392 1059 1475 splendore
1086 1392 1210 1453 emicant
1237 1390 1321 1472 (auf-

175 1468 185 1478 ’
235 1476 369 1557 lrlitnen).
413 1475 521 1550 Quint.
540 1475 577 1547 X,
600 1481 629 1550 6,
652 1478 680 1532 5.
721 1474 783 1534 Sed
801 1476 829 1531 si
841 1471 925 1552 sorte
946 1476 1143 1556 aliquisintcr
1165 1473 1328 1533 dicendum.

235 1557 379 1639 effulserit
401 1557 612 1636 extemporalis
632 1557 721 1615 color.
763 1554 837 1614 Plin.
859 1556 895 1614 11.
916 1555 952 1614 N.
967 1559 1018 1630 lv,
1041 1561 1067 1616 1.
1102 1557 1204 1616 Omnis
1221 1555 1323 1613 Grae-

197 1650 201 1658 '
235 1646 299 1701 aiae
326 1639 504 1714 fabulositas
530 1641 607 1696 sicut
637 1646 667 1695 et
694 1638 860 1695 litterarum
891 1638 1016 1695 claritas
1042 1658 1081 1696 ee
1109 1639 1165 1696 hoc
1189 1640 1320 1718 primum

130 1746 133 1752 ·
235 1726 301 1780 sinu
324 1718 442 1798 effulsit.
496 1717 601 1792 Quint.
624 1719 663 1789 X,
685 1721 715 1790 5,
739 1720 785 1776 14.
834 1717 937 1778 Alitur
967 1723 1044 1778 enim
1065 1729 1158 1802 atque
1187 1721 1321 1777 enitescit

237 1804 314 1862 vehet
334 1801 444 1880 pullulo
464 1801 590 1858 laetiore
604 1797 763 1877 facundia.
1204 1854 1207 1859 .

316 1881 459 1956 Exigitnr
475 1885 551 1940 enim
569 1884 630 1943 iam
645 1880 684 1938 ab
705 1889 825 1939 aratore
840 1884 932 1941 etiam
948 1887 1081 1962 poeticus
1095 1876 1202 1962 decor]
1224 1877 1328 1940 Codd..

235 1965 301 2031 Par.
321 1963 504 2035 Vincluett.
525 1962 598 2021 Eud.
620 1972 776 2020 exercetur
800 1966 894 2032 enim3
922 1961 995 2024 Coel.
1017 1966 1081 2023 Fae.
1102 1966 1238 2037 exigetur
1260 1982 1321 2020 om.

236 2049 332 2120 enim,
353 2045 432 2104 unde
452 2043 530 2123 Lips.
549 2047 679 2118 anigitur
699 2047 775 2102 enim
796 2056 906 2125 recept.
927 2066 944 2103 3
963 2065 1043 2124 seqq.
1073 2057 1190 2125 praeter
1212 2041 1319 2101 Ritter.

236 2131 314 2186 enim
328 2125 521 2186 omittentem.
550 2124 687 2184 Poeticus
699 2124 790 2183 aecor
809 2124 829 2184 i.
845 2148 873 2205 q.
894 2126 1027 2206 poeticus
1042 2126 1139 2185 cultus
1150 2160 1187 2173 -
1197 2135 1320 2193 ornatus

142 2204 153 2227 ‘
236 2206 448 2289 (dichterisehe
468 2204 693 2287 Ausstattung)‚
715 2228 775 2265 non
793 2205 928 2265 decorum
941 2218 1097 2287 puetarum
1117 2229 1161 2287 ap.
1182 2203 1245 2265 Cic.
1259 2203 1322 2264 011.

235 2292 261 2362 1,
277 2297 335 2362 211,
357 2287 438 2368 quod
451 2286 575 2368 intelligi
592 2286 656 2346 vult
671 2288 747 2368 llup.
785 2288 1002 2366 frequentatur
1016 2289 1073 2349 hoc
1087 2310 1152 2348 voc.
1165 2310 1181 2347 a
1197 2284 1322 2361 Quinti·

176 2378 188 2433 ²,
235 2368 335 2444 liano,
362 2381 398 2428 ut
418 2369 505 2439 &eor
532 2371 751 2448 compositionis
777 2371 827 2442 1Χ,
848 2373 879 2444 4,
900 2372 950 2430 44.
975 2374 1041 2430 145,
1070 2370 1160 2429 decor
1188 2371 1322 2428 scenicus
1367 2388 1372 2399 ·
1468 2416 1469 2425 ,

199 2504 200 2507 ,
235 2454 274 2524 11,
299 2454 348 2524 10,
374 2442 518 2509 tastu.-
546 2449 691 2509 senteutia
718 2449 746 2508 h.
769 2448 788 2508 1.
816 2450 851 2508 el.
881 2450 986 2526 Quint.
1016 2456 1051 2523 11,
1073 2454 1105 2526 4,
1128 2457 1156 2510 3.
1180 2451 1264 2508 Serv.
1284 2448 1323 2507 ad

236 2531 323 2625 llic&
340 2530 546 2605 laetato.
583 2530 686 2590 Seuee.
708 2530 828 2590 Suasoe.
850 2535 897 2590 111.
917 2555 945 2613 p.
968 2535 1015 2593 24.
1037 2532 1102 2613 Bip.
1130 2533 1218 2614 lang.
1240 2529 1322 2590 vind.

235 2623 310 2694 trag.
334 2613 422 2672 Rom.
452 2633 481 2692 p.
501 2616 550 2671 35.
592 2611 732 2671 Meiners.
760 2612 869 2672 Geseh.
890 2613 917 2672 d.
939 2615 1020 2672 Veri.
1049 2615 1076 2672 (1
1103 2615 1190 2673 Rom.
1211 2611 1267 2671 Lit.
1292 2631 1321 2706 p.

184 2744 191 2758 .
238 2699 306 2754 119.
349 2695 524 2753 Westeem.
554 2691 592 2752 G.
619 2692 647 2763 d.
676 2715 702 2751 r.
730 2693 764 2751 B.
795 2691 823 2774 ᾗ.
853 2698 901 2754 82.
934 2699 980 2754 13.
1026 2695 1071 2754 lle
1100 2693 1191 2753 nimio
1221 2691 1321 2751 studia

212 2770 408 2845 'oratorum
441 2792 501 2852 quo
530 2773 680 2852 poeticum
709 2773 825 2833 dicendi
848 2796 942 2857 genus
971 2775 1145 2835 affectabant
1164 2787 1194 2833 et
1216 2793 1321 2833 versus

236 2865 308 2914 vett.
335 2865 449 2934 poetar.
469 2864 520 2913 aut
548 2853 668 2915 nomiae
694 2855 810 2915 adiecto
830 2869 880 2915 aut
907 2855 1018 2917 omisso
1045 2855 1227 2916 orationibus
1258 2853 1322 2913 suis

237 2935 500 3016 interposuerunt,
532 2934 569 2993 el'.
594 2936 700 3010 Quint.
731 2940 755 3010 1,
785 2942 814 3010 8,
846 2942 884 2997 10
912 2959 956 3016 sq.
1003 2939 1135 3020 Denique
1164 2935 1323 3014 credamus

236 3020 360 3079 sualmis
381 3014 568 3090 aratoribus,
598 3020 796 3099 qui‘oeterurn
815 3029 957 3099 poemata
979 3020 1024 3077 vel
1042 3019 1085 3078 ad
1096 3017 1194 3098 fidem
1214 3035 1323 3088 causa-

237 3120 303 3158 rum
326 3095 433 3156 uelud
454 3108 658 3156 ornamentum
686 3099 870 3180 eloquentiae
889 3109 1050 3160 assumunt.
1098 3100 1178 3160 Nam
1201 3101 1324 3178 praeci-

221 3199 293 3261 xpue
313 3176 432 3259 quidem
453 3177 536 3258 apud
555 3178 739 3252 Ciceronem,
761 3177 935 3263 frequenter
961 3191 1061 3240 tamen
1080 3179 1162 3261 apud
1186 3179 1322 3239 Asuuium

237 3263 330 3321 etiam
351 3267 381 3319 et
403 3268 534 3332 ceteros,
555 3264 685 3341 quisunt
701 3265 850 3340 precinui,
871 3262 995 3321 uidimus
1011 3261 1102 3323 Ennii
1107 3306 1118 3337 ,
1139 3261 1234 3336 Attii,
1256 3260 1324 3321 Pa-

237 3344 325 3416 cuuii,
345 3338 464 3414 Lucilii,
486 3338 771 3418 Terentii‚-Caecilii
790 3353 819 3403 et
839 3344 966 3403 aliorum
984 3348 1078 3407 irrseri
1096 3363 1195 3402 uersus·
1205 3360 1325 3401 summa

237 3444 296 3483 reon
326 3421 500 3481 eruditionis
528 3424 616 3483 modo
630 3426 763 3498 gratia,
790 3423 847 3483 sed
872 3428 963 3484 etiam
991 3425 1201 3497 iucunditatis,
1235 3445 1324 3507 quum

235 3505 360 3588 poeticis
380 3500 685 3582 uoluptatibus'aures
704 3525 725 3563 a
736 3502 855 3583 soreresi
871 3512 1037 3587 asperitate
1058 3511 1210 3588 respirent.

264 3610 268 3619 ·
322 3605 383 3643 non
405 3583 487 3644 Attii
511 3596 565 3645 aut
590 3585 717 3644 Pacuvii
743 3584 876 3682 aeterno]
906 3588 995 3648 Accii
1023 3586 1096 3648 cod.
1128 3590 1214 3647 Facu.
1241 3583 1327 3649 Aeta·
1355 3585 1369 3603 ⁸
1457 3596 1464 3607 '

184 3684 191 3739 q
241 3661 336 3724 Codd.
357 3664 421 3723 Par.
443 3664 531 3725 Viud.
551 3678 622 3726 vett.
643 3665 717 3725 Edd.
738 3666 817 3726 Attii
833 3668 913 3748 lnps.
940 3682 971 3730 et
991 3690 1072 3749 seqq.
1126 3669 1229 3742 Quum
1250 3664 1325 3726 seri·
1380 3711 1388 3733 ,.

241 3755 328 3825 ptum
348 3742 436 3807 huius
460 3764 539 3805 nom.
560 3767 661 3828 propr.
682 3745 756 3806 mire
776 3745 903 3808 fluctuet
931 3749 961 3810 iu
990 3748 1084 3810 Codd.
1109 3749 1227 3829 seriptt.
1249 3748 1325 3806 tau.

241 3824 290 3905 (ut
310 3842 419 3902 nomm.
440 3824 546 3887 Naera
567 3860 603 3874 -
624 3828 728 3889 Nacta
745 3863 784 3879 -
805 3829 903 3889 Natta
924 3843 955 3891 et
976 3833 1092 3891 Vectius
1112 3866 1152 3880 -
1177 3831 1322 3888 Vatiae-

201 3979 208 3990 ·
245 3907 357 3966 Mettius
383 3904 431 3967 vd.
461 3908 576 3967 Walth.
602 3908 639 3967 ad
665 3909 735 3968 Tae.
763 3908 841 3968 Ann.
866 3913 933 3988 XV,
964 3912 1027 3993 a),
1055 3933 1129 3991 quae
1155 3904 1324 3973 aGrae'eis

202 4026 206 4030 -
241 3985 359 4068 (Aeaee
380 3987 470 4047 Dion.
491 3989 583 4050 Helie.
604 3988 694 4049 Anah.
716 3990 752 4050 R.
770 3994 820 4066 111,
840 3991 904 4072 70.)
924 4005 955 4053 et
970 3994 1001 4053 iu
1018 3994 1143 4053 uununiis
1165 3991 1326 4069 multisque

241 4067 386 4149 lapidibus
416 4068 469 4148 (de
497 4091 623 4149 quorum
645 4071 815 4132 diversitate
841 4068 890 4133 ud.
912 4074 1098 4157 Wesseling.
1125 4071 1271 4134 Probabit.
1296 4076 1325 4152 ρ’.

162 4145 187 4208 .‘
244 4154 303 4212 120
323 4148 386 4232 eq.)
415 4169 470 4230 per
490 4160 516 4210 tt
537 4152 734 4233 expelluntur,
761 4176 841 4217 nuuc
860 4154 956 4217 torua
980 4155 1083 4217 Attius
1102 4155 1204 4239 potior
1225 4152 1328 4214 haberi
