<?xml version="1.0" encoding="UTF-8"?>
<!DOCTYPE html PUBLIC "-//W3C//DTD XHTML 1.0 Transitional//EN"
    "http://www.w3.org/TR/xhtml1/DTD/xhtml1-transitional.dtd">
<html xmlns="http://www.w3.org/1999/xhtml" xml:lang="en" lang="en">
 <head>
  <title>
</title>
<meta http-equiv="Content-Type" content="text/html;charset=utf-8" />
  <meta name='ocr-system' content='tesseract 3.04.00' />
  <meta name='ocr-capabilities' content='ocr_page ocr_carea ocr_par ocr_line ocrx_word'/>
</head>
<body>
  <div class='ocr_page' id='page_1' title='image "./ccorneliitaciti00hessgoog_0097.png"; bbox 0 0 2970 4808; ppageno 0'>
   <div class='ocr_carea' id='block_1_1' title="bbox 183 267 1004 356">
    <p class='ocr_par' dir='ltr' id='par_1_1' title="bbox 183 267 1004 362">
     <span class='ocr_line' id='line_1_1' title="bbox 183 267 1004 356; baseline -0.004 -20"><span class='ocrx_word' id='word_1_1' title='bbox 183 282 188 289; x_wconf 82' lang='grc'><em>’</em></span> <span class='ocrx_word' id='word_1_2' title='bbox 252 272 299 336; x_wconf 77' lang='lat'><strong>58</strong></span> <span class='ocrx_word' id='word_1_3' title='bbox 576 267 796 356; x_wconf 71' lang='lat' dir='ltr'><strong>Dialogus‘de</strong></span> <span class='ocrx_word' id='word_1_4' title='bbox 815 270 1004 345; x_wconf 73' lang='lat' dir='ltr'><strong>Oratoribus</strong></span> 
     </span>
    </p>
   </div>
   <div class='ocr_carea' id='block_1_2' title="bbox 251 422 1340 615">
    <p class='ocr_par' dir='ltr' id='par_1_2' title="bbox 251 422 1340 615">
     <span class='ocr_line' id='line_1_2' title="bbox 251 422 1340 525; baseline -0.008 -27"><span class='ocrx_word' id='word_1_5' title='bbox 251 440 288 498; x_wconf 91' lang='lat' dir='ltr'><strong>ut</strong></span> <span class='ocrx_word' id='word_1_6' title='bbox 320 422 533 498; x_wconf 74' lang='lat' dir='ltr'><strong>beatissimus</strong></span> <span class='ocrx_word' id='word_1_7' title='bbox 562 422 799 508; x_wconf 78' lang='lat' dir='ltr'><strong>recitationem·</strong></span> <span class='ocrx_word' id='word_1_8' title='bbox 816 425 893 499; x_wconf 75' lang='lat' dir='ltr'><strong>eius</strong></span> <span class='ocrx_word' id='word_1_9' title='bbox 926 442 1061 498; x_wconf 80' lang='lat' dir='ltr'><strong>eventus</strong></span> <span class='ocrx_word' id='word_1_10' title='bbox 1095 441 1340 525; x_wconf 59' lang='lat' dir='ltr'><strong>prosequatur,</strong></span> 
     </span>
     <span class='ocr_line' id='line_1_3' title="bbox 251 523 1334 615; baseline -0.002 -18"><span class='ocrx_word' id='word_1_11' title='bbox 251 524 457 597; x_wconf 35' lang='lat' dir='ltr'><strong>omnis-illa⁸</strong></span> <span class='ocrx_word' id='word_1_12' title='bbox 473 523 544 595; x_wconf 84' lang='lat' dir='ltr'><strong>lans</strong></span> <span class='ocrx_word' id='word_1_13' title='bbox 569 523 657 595; x_wconf 81' lang='lat' dir='ltr'><strong>intra</strong></span> <span class='ocrx_word' id='word_1_14' title='bbox 679 550 786 597; x_wconf 78' lang='lat' dir='ltr'><strong>uuum</strong></span> <span class='ocrx_word' id='word_1_15' title='bbox 801 523 1038 615; x_wconf 59' lang='lat' dir='ltr'><strong>⁴autzabcrum.</strong></span> <span class='ocrx_word' id='word_1_16' title='bbox 1064 524 1274 607; x_wconf 78' lang='lat' dir='ltr'><strong>di&#39;eni··velut</strong></span> <span class='ocrx_word' id='word_1_17' title='bbox 1295 523 1334 595; x_wconf 80' lang='lat' dir='ltr'><strong>iu</strong></span> 
     </span>
    </p>
   </div>
   <div class='ocr_carea' id='block_1_3' title="bbox 251 620 1426 748">
    <p class='ocr_par' dir='ltr' id='par_1_3' title="bbox 251 620 1426 748">
     <span class='ocr_line' id='line_1_4' title="bbox 251 620 1426 748; baseline -0.003 -53"><span class='ocrx_word' id='word_1_18' title='bbox 251 621 356 696; x_wconf 78' lang='lat' dir='ltr'><strong>barba</strong></span> <span class='ocrx_word' id='word_1_19' title='bbox 381 623 432 699; x_wconf 82' lang='lat' dir='ltr'><strong>vel</strong></span> <span class='ocrx_word' id='word_1_20' title='bbox 456 620 538 715; x_wconf 84' lang='lat' dir='ltr'><strong>lloie</strong></span> <span class='ocrx_word' id='word_1_21' title='bbox 560 639 741 722; x_wconf 84' lang='lat' dir='ltr'><strong>praecepta</strong></span> <span class='ocrx_word' id='word_1_22' title='bbox 765 621 812 695; x_wconf 80' lang='lat' dir='ltr'><strong>ad</strong></span> <span class='ocrx_word' id='word_1_23' title='bbox 829 621 954 729; x_wconf 69' lang='lat' dir='ltr'><strong>unllam</strong></span> <span class='ocrx_word' id='word_1_24' title='bbox 980 641 1110 697; x_wconf 81' lang='lat' dir='ltr'><strong>certam.</strong></span> <span class='ocrx_word' id='word_1_25' title='bbox 1129 639 1175 694; x_wconf 85' lang='lat' dir='ltr'><strong>et·</strong></span> <span class='ocrx_word' id='word_1_26' title='bbox 1188 621 1339 748; x_wconf 73' lang='lat' dir='ltr'><strong>solidano</strong></span> <span class='ocrx_word' id='word_1_27' title='bbox 1420 654 1426 661; x_wconf 93' lang='lat'><strong>·</strong></span> 
     </span>
    </p>
   </div>
   <div class='ocr_carea' id='block_1_4' title="bbox 161 772 1336 1043">
    <p class='ocr_par' dir='ltr' id='par_1_4' title="bbox 161 772 1336 1043">
     <span class='ocr_line' id='line_1_5' title="bbox 202 772 1331 887; baseline -0.004 -25"><span class='ocrx_word' id='word_1_28' title='bbox 202 868 206 875; x_wconf 55' lang='grc'><strong><em>,</em></strong></span> <span class='ocrx_word' id='word_1_29' title='bbox 250 772 356 887; x_wconf 60' lang='lat' dir='ltr'><strong>piaque</strong></span> <span class='ocrx_word' id='word_1_30' title='bbox 391 799 446 861; x_wconf 88' lang='lat' dir='ltr'><strong>sub</strong></span> <span class='ocrx_word' id='word_1_31' title='bbox 479 786 607 860; x_wconf 74' lang='lat' dir='ltr'><strong>Traiano</strong></span> <span class='ocrx_word' id='word_1_32' title='bbox 642 816 820 880; x_wconf 80' lang='lat' dir='ltr'>magnopere</span> <span class='ocrx_word' id='word_1_33' title='bbox 852 796 1023 859; x_wconf 84' lang='lat' dir='ltr'><strong>floruerunt</strong></span> <span class='ocrx_word' id='word_1_34' title='bbox 1061 799 1158 887; x_wconf 81' lang='lat' dir='ltr'><strong>studia</strong></span> <span class='ocrx_word' id='word_1_35' title='bbox 1171 806 1174 811; x_wconf 85' lang='lat'>&#39;</span> <span class='ocrx_word' id='word_1_36' title='bbox 1189 797 1331 874; x_wconf 88' lang='lat' dir='ltr'><strong>liberalia,</strong></span> 
     </span>
     <span class='ocr_line' id='line_1_6' title="bbox 161 878 1336 979; baseline -0.004 -35"><span class='ocrx_word' id='word_1_37' title='bbox 161 908 164 915; x_wconf 53' lang='lat'>‘</span> <span class='ocrx_word' id='word_1_38' title='bbox 251 895 288 944; x_wconf 85' lang='lat' dir='ltr'><strong>ut</strong></span> <span class='ocrx_word' id='word_1_39' title='bbox 313 891 432 979; x_wconf 86' lang='lat' dir='ltr'><strong>apparet</strong></span> <span class='ocrx_word' id='word_1_40' title='bbox 458 901 494 979; x_wconf 74' lang='lat' dir='ltr'><strong>ex</strong></span> <span class='ocrx_word' id='word_1_41' title='bbox 522 881 611 943; x_wconf 87' lang='lat' dir='ltr'><strong>Plinii</strong></span> <span class='ocrx_word' id='word_1_42' title='bbox 638 879 789 976; x_wconf 70' lang='lat' dir='ltr'><strong>epistolis,</strong></span> <span class='ocrx_word' id='word_1_43' title='bbox 805 878 869 960; x_wconf 87' lang='lat' dir='ltr'><strong>·qui</strong></span> <span class='ocrx_word' id='word_1_44' title='bbox 890 880 959 960; x_wconf 64' lang='lat' dir='ltr'><strong>,ipse</strong></span> <span class='ocrx_word' id='word_1_45' title='bbox 988 881 1165 961; x_wconf 50' lang='lat' dir='ltr'><strong>frequenter,</strong></span> <span class='ocrx_word' id='word_1_46' title='bbox 1187 880 1336 977; x_wconf 56' lang='lat' dir='ltr'><strong>recitarit*</strong></span> 
     </span>
     <span class='ocr_line' id='line_1_7' title="bbox 250 961 1331 1043; baseline -0.004 -18"><span class='ocrx_word' id='word_1_47' title='bbox 250 964 394 1025; x_wconf 75' lang='lat' dir='ltr'><strong>Homines</strong></span> <span class='ocrx_word' id='word_1_48' title='bbox 430 962 570 1040; x_wconf 80' lang='lat' dir='ltr'><strong>ditiores,</strong></span> <span class='ocrx_word' id='word_1_49' title='bbox 605 973 640 1023; x_wconf 86' lang='lat' dir='ltr'><strong>ut</strong></span> <span class='ocrx_word' id='word_1_50' title='bbox 656 963 811 1031; x_wconf 80' lang='lat' dir='ltr'><strong>Aruutrua</strong></span> <span class='ocrx_word' id='word_1_51' title='bbox 839 961 931 1021; x_wconf 86' lang='lat' dir='ltr'><strong>Stella</strong></span> <span class='ocrx_word' id='word_1_52' title='bbox 960 974 989 1022; x_wconf 88' lang='lat' dir='ltr'><strong>et</strong></span> <span class='ocrx_word' id='word_1_53' title='bbox 1017 962 1058 1021; x_wconf 83' lang='lat' dir='ltr'><strong>M.</strong></span> <span class='ocrx_word' id='word_1_54' title='bbox 1086 964 1200 1022; x_wconf 81' lang='lat' dir='ltr'><strong>Fronto</strong></span> <span class='ocrx_word' id='word_1_55' title='bbox 1232 972 1331 1043; x_wconf 82' lang='lat' dir='ltr'><strong>poetis</strong></span> 
     </span>
    </p>
   </div>
   <div class='ocr_carea' id='block_1_5' title="bbox 171 1041 1393 1125">
    <p class='ocr_par' dir='ltr' id='par_1_5' title="bbox 171 1041 1393 1125">
     <span class='ocr_line' id='line_1_8' title="bbox 171 1041 1393 1125; baseline -0.004 -19"><span class='ocrx_word' id='word_1_56' title='bbox 171 1068 177 1085; x_wconf 65' lang='lat'><strong>¹¹</strong></span> <span class='ocrx_word' id='word_1_57' title='bbox 249 1045 437 1123; x_wconf 76' lang='lat' dir='ltr'><strong>tenuioribus</strong></span> <span class='ocrx_word' id='word_1_58' title='bbox 460 1044 576 1120; x_wconf 77' lang='lat' dir='ltr'><strong>aedes,</strong></span> <span class='ocrx_word' id='word_1_59' title='bbox 614 1042 686 1113; x_wconf 85' lang='lat' dir='ltr'><strong>atria</strong></span> <span class='ocrx_word' id='word_1_60' title='bbox 706 1042 915 1122; x_wconf 71' lang='lat' dir='ltr'><strong>&#39;et&#39;polticus</strong></span> <span class='ocrx_word' id='word_1_61' title='bbox 952 1045 986 1103; x_wconf 89' lang='lat' dir='ltr'><strong>ad</strong></span> <span class='ocrx_word' id='word_1_62' title='bbox 1006 1042 1203 1104; x_wconf 72' lang='lat' dir='ltr'><strong>&#39;recitationes</strong></span> <span class='ocrx_word' id='word_1_63' title='bbox 1237 1041 1330 1125; x_wconf 79' lang='lat' dir='ltr'><strong>gratis</strong></span> <span class='ocrx_word' id='word_1_64' title='bbox 1390 1070 1393 1074; x_wconf 60' lang='grc'>’</span> 
     </span>
    </p>
   </div>
   <div class='ocr_carea' id='block_1_6' title="bbox 181 1123 1335 2021">
    <p class='ocr_par' dir='ltr' id='par_1_6' title="bbox 181 1123 1335 2021">
     <span class='ocr_line' id='line_1_9' title="bbox 250 1123 1331 1208; baseline -0.004 -22"><span class='ocrx_word' id='word_1_65' title='bbox 250 1125 445 1208; x_wconf 80' lang='lat' dir='ltr'><strong>praebebant,</strong></span> <span class='ocrx_word' id='word_1_66' title='bbox 477 1147 552 1205; x_wconf 87' lang='lat' dir='ltr'><strong>quan</strong></span> <span class='ocrx_word' id='word_1_67' title='bbox 574 1123 716 1185; x_wconf 83' lang='lat' dir='ltr'><strong>uamalii</strong></span> <span class='ocrx_word' id='word_1_68' title='bbox 747 1125 850 1184; x_wconf 91' lang='lat' dir='ltr'><strong>domos</strong></span> <span class='ocrx_word' id='word_1_69' title='bbox 873 1125 988 1204; x_wconf 85' lang='lat' dir='ltr'><strong>poetis,</strong></span> <span class='ocrx_word' id='word_1_70' title='bbox 1016 1137 1051 1185; x_wconf 91' lang='lat' dir='ltr'><strong>ut</strong></span> <span class='ocrx_word' id='word_1_71' title='bbox 1071 1123 1126 1187; x_wconf 85' lang='lat' dir='ltr'><strong>sub</strong></span> <span class='ocrx_word' id='word_1_72' title='bbox 1149 1125 1331 1205; x_wconf 65' lang='lat' dir='ltr'><strong>Vespasiano</strong></span> 
     </span>
     <span class='ocr_line' id='line_1_10' title="bbox 250 1147 1335 1293; baseline -0.005 -24"><span class='ocrx_word' id='word_1_73' title='bbox 250 1206 349 1269; x_wconf 85' lang='lat' dir='ltr'><strong>Saleio</strong></span> <span class='ocrx_word' id='word_1_74' title='bbox 369 1202 464 1271; x_wconf 80' lang='lat' dir='ltr'><strong>Basso&#39;</strong></span> <span class='ocrx_word' id='word_1_75' title='bbox 483 1147 604 1281; x_wconf 80' lang='lat' dir='ltr'><strong>accidit,</strong></span> <span class='ocrx_word' id='word_1_76' title='bbox 630 1205 721 1293; x_wconf 79' lang='lat' dir='ltr'><strong>gratis</strong></span> <span class='ocrx_word' id='word_1_77' title='bbox 747 1203 887 1285; x_wconf 84' lang='lat' dir='ltr'><strong>praebere</strong></span> <span class='ocrx_word' id='word_1_78' title='bbox 907 1205 1063 1282; x_wconf 86' lang='lat' dir='ltr'><strong>uolebant,</strong></span> <span class='ocrx_word' id='word_1_79' title='bbox 1080 1207 1231 1286; x_wconf 50' lang='lat' dir='ltr'><strong>*quoniam</strong></span> <span class='ocrx_word' id='word_1_80' title='bbox 1251 1205 1335 1265; x_wconf 80' lang='lat' dir='ltr'><strong>mul-</strong></span> 
     </span>
     <span class='ocr_line' id='line_1_11' title="bbox 248 1286 1331 1369; baseline -0.006 -18"><span class='ocrx_word' id='word_1_81' title='bbox 248 1300 298 1351; x_wconf 86' lang='lat' dir='ltr'><strong>tos</strong></span> <span class='ocrx_word' id='word_1_82' title='bbox 319 1291 469 1353; x_wconf 84' lang='lat' dir='ltr'><strong>Romanos</strong></span> <span class='ocrx_word' id='word_1_83' title='bbox 491 1287 626 1348; x_wconf 81' lang='lat' dir='ltr'><strong>taedium&#39;</strong></span> <span class='ocrx_word' id='word_1_84' title='bbox 639 1287 843 1348; x_wconf 72' lang='lat' dir='ltr'><strong>recitationum</strong></span> <span class='ocrx_word' id='word_1_85' title='bbox 864 1308 880 1345; x_wconf 91' lang='lat' dir='ltr'><strong>a</strong></span> <span class='ocrx_word' id='word_1_86' title='bbox 900 1287 1034 1367; x_wconf 86' lang='lat' dir='ltr'><strong>pessimis</strong></span> <span class='ocrx_word' id='word_1_87' title='bbox 1059 1289 1155 1369; x_wconf 88' lang='lat' dir='ltr'><strong>poetis</strong></span> <span class='ocrx_word' id='word_1_88' title='bbox 1176 1309 1262 1368; x_wconf 86' lang='lat' dir='ltr'><strong>saepe</strong></span> <span class='ocrx_word' id='word_1_89' title='bbox 1282 1286 1331 1345; x_wconf 86' lang='lat' dir='ltr'><strong>iu-</strong></span> 
     </span>
     <span class='ocr_line' id='line_1_12' title="bbox 250 1364 1335 1451; baseline -0.003 -20"><span class='ocrx_word' id='word_1_90' title='bbox 250 1371 419 1432; x_wconf 83' lang='lat' dir='ltr'><strong>stitntarum</strong></span> <span class='ocrx_word' id='word_1_91' title='bbox 439 1364 563 1451; x_wconf 79' lang='lat' dir='ltr'><strong>ceperat.</strong></span> <span class='ocrx_word' id='word_1_92' title='bbox 605 1370 676 1429; x_wconf 88' lang='lat' dir='ltr'><strong>lude</strong></span> <span class='ocrx_word' id='word_1_93' title='bbox 697 1366 732 1427; x_wconf 90' lang='lat' dir='ltr'><strong>ab</strong></span> <span class='ocrx_word' id='word_1_94' title='bbox 746 1368 894 1427; x_wconf 78' lang='lat' dir='ltr'><strong>Hadriano</strong></span> <span class='ocrx_word' id='word_1_95' title='bbox 914 1381 1068 1449; x_wconf 88' lang='lat' dir='ltr'><strong>poetarum</strong></span> <span class='ocrx_word' id='word_1_96' title='bbox 1089 1367 1335 1429; x_wconf 78' lang='lat' dir='ltr'><strong>recitationesiu&#39;</strong></span> 
     </span>
     <span class='ocr_line' id='line_1_13' title="bbox 181 1446 1330 1532; baseline -0.004 -19"><span class='ocrx_word' id='word_1_97' title='bbox 181 1518 184 1523; x_wconf 54' lang='grc'>,</span> <span class='ocrx_word' id='word_1_98' title='bbox 250 1452 423 1527; x_wconf 83' lang='lat' dir='ltr'><strong>Athenaeo,</strong></span> <span class='ocrx_word' id='word_1_99' title='bbox 452 1451 532 1532; x_wconf 91' lang='lat' dir='ltr'><strong>quod</strong></span> <span class='ocrx_word' id='word_1_100' title='bbox 560 1449 672 1531; x_wconf 86' lang='lat' dir='ltr'><strong>primus</strong></span> <span class='ocrx_word' id='word_1_101' title='bbox 700 1450 748 1509; x_wconf 90' lang='lat' dir='ltr'><strong>ille</strong></span> <span class='ocrx_word' id='word_1_102' title='bbox 768 1449 799 1508; x_wconf 90' lang='lat' dir='ltr'><strong>iu</strong></span> <span class='ocrx_word' id='word_1_103' title='bbox 819 1471 906 1509; x_wconf 91' lang='lat' dir='ltr'><strong>usum</strong></span> <span class='ocrx_word' id='word_1_104' title='bbox 926 1452 1077 1509; x_wconf 81' lang='lat' dir='ltr'><strong>oratorum</strong></span> <span class='ocrx_word' id='word_1_105' title='bbox 1098 1446 1330 1523; x_wconf 78' lang='lat' dir='ltr'><strong>declamantium,</strong></span> 
     </span>
     <span class='ocr_line' id='line_1_14' title="bbox 248 1526 1330 1615; baseline -0.001 -23"><span class='ocrx_word' id='word_1_106' title='bbox 248 1526 367 1615; x_wconf 77' lang='lat' dir='ltr'><strong>pbiloso</strong></span> <span class='ocrx_word' id='word_1_107' title='bbox 388 1532 496 1593; x_wconf 86' lang='lat' dir='ltr'><strong>horum</strong></span> <span class='ocrx_word' id='word_1_108' title='bbox 515 1531 725 1612; x_wconf 85' lang='lat' dir='ltr'><strong>disputantium</strong></span> <span class='ocrx_word' id='word_1_109' title='bbox 747 1542 777 1598; x_wconf 84' lang='lat' dir='ltr'><strong>ct</strong></span> <span class='ocrx_word' id='word_1_110' title='bbox 800 1543 953 1611; x_wconf 85' lang='lat' dir='ltr'><strong>poetarum</strong></span> <span class='ocrx_word' id='word_1_111' title='bbox 975 1533 1158 1592; x_wconf 84' lang='lat' dir='ltr'><strong>recitantium</strong></span> <span class='ocrx_word' id='word_1_112' title='bbox 1175 1544 1330 1592; x_wconf 79' lang='lat' dir='ltr'><strong>exstruxe-</strong></span> 
     </span>
     <span class='ocr_line' id='line_1_15' title="bbox 249 1556 1331 1692; baseline -0.002 -18"><span class='ocrx_word' id='word_1_113' title='bbox 249 1618 313 1689; x_wconf 66' lang='lat' dir='ltr'><strong>ssat,</strong></span> <span class='ocrx_word' id='word_1_114' title='bbox 331 1556 448 1691; x_wconf 39' lang='lat' dir='ltr'><strong>,habitae</strong></span> <span class='ocrx_word' id='word_1_115' title='bbox 466 1613 597 1675; x_wconf 89' lang='lat' dir='ltr'><strong>nondum</strong></span> <span class='ocrx_word' id='word_1_116' title='bbox 619 1632 692 1672; x_wconf 88' lang='lat' dir='ltr'><strong>saec.</strong></span> <span class='ocrx_word' id='word_1_117' title='bbox 715 1617 763 1669; x_wconf 85' lang='lat' dir='ltr'><strong>Vl.</strong></span> <span class='ocrx_word' id='word_1_118' title='bbox 784 1632 813 1692; x_wconf 89' lang='lat' dir='ltr'><strong>p.</strong></span> <span class='ocrx_word' id='word_1_119' title='bbox 835 1610 891 1672; x_wconf 89' lang='lat' dir='ltr'><strong>Ch.</strong></span> <span class='ocrx_word' id='word_1_120' title='bbox 908 1635 939 1672; x_wconf 90' lang='lat' dir='ltr'><strong>n.</strong></span> <span class='ocrx_word' id='word_1_121' title='bbox 961 1614 1145 1674; x_wconf 83' lang='lat' dir='ltr'><strong>intermissae</strong></span> <span class='ocrx_word' id='word_1_122' title='bbox 1165 1624 1244 1674; x_wconf 86' lang='lat' dir='ltr'><strong>sunt.</strong></span> <span class='ocrx_word' id='word_1_123' title='bbox 1282 1613 1331 1673; x_wconf 81' lang='lat' dir='ltr'><strong>De</strong></span> 
     </span>
     <span class='ocr_line' id='line_1_16' title="bbox 248 1693 1330 1779; baseline -0.003 -23"><span class='ocrx_word' id='word_1_124' title='bbox 248 1694 465 1761; x_wconf 81' lang='lat' dir='ltr'><strong>consuetudine</strong></span> <span class='ocrx_word' id='word_1_125' title='bbox 484 1693 627 1761; x_wconf 85' lang='lat' dir='ltr'><strong>invitandi</strong></span> <span class='ocrx_word' id='word_1_126' title='bbox 647 1693 813 1769; x_wconf 81' lang='lat' dir='ltr'><strong>auditores,</strong></span> <span class='ocrx_word' id='word_1_127' title='bbox 837 1693 963 1754; x_wconf 90' lang='lat' dir='ltr'><strong>deloco</strong></span> <span class='ocrx_word' id='word_1_128' title='bbox 986 1707 1187 1775; x_wconf 82' lang='lat' dir='ltr'><strong>ettempore,</strong></span> <span class='ocrx_word' id='word_1_129' title='bbox 1217 1715 1277 1774; x_wconf 89' lang='lat' dir='ltr'><strong>quo</strong></span> <span class='ocrx_word' id='word_1_130' title='bbox 1299 1705 1330 1779; x_wconf 64' lang='lat' dir='ltr'><strong>et</strong></span> 
     </span>
     <span class='ocr_line' id='line_1_17' title="bbox 215 1774 1332 1857; baseline -0.002 -20"><span class='ocrx_word' id='word_1_131' title='bbox 215 1783 217 1787; x_wconf 86' lang='grc'><strong>’</strong></span> <span class='ocrx_word' id='word_1_132' title='bbox 250 1778 367 1857; x_wconf 78' lang='lat' dir='ltr'><strong>quando</strong></span> <span class='ocrx_word' id='word_1_133' title='bbox 391 1776 576 1836; x_wconf 83' lang='lat' dir='ltr'><strong>recitationes</strong></span> <span class='ocrx_word' id='word_1_134' title='bbox 603 1774 858 1850; x_wconf 66' lang='lat' dir='ltr'><strong>intumescent,</strong></span> <span class='ocrx_word' id='word_1_135' title='bbox 886 1777 1013 1856; x_wconf 85' lang='lat' dir='ltr'><strong>deniqne</strong></span> <span class='ocrx_word' id='word_1_136' title='bbox 1041 1778 1078 1840; x_wconf 90' lang='lat' dir='ltr'><strong>de</strong></span> <span class='ocrx_word' id='word_1_137' title='bbox 1106 1796 1209 1836; x_wconf 87' lang='lat' dir='ltr'><strong>eorum</strong></span> <span class='ocrx_word' id='word_1_138' title='bbox 1230 1775 1332 1853; x_wconf 66' lang='lat' dir='ltr'><strong>initio,</strong></span> 
     </span>
     <span class='ocr_line' id='line_1_18' title="bbox 250 1856 1329 1947; baseline 0 -30"><span class='ocrx_word' id='word_1_139' title='bbox 250 1877 413 1947; x_wconf 78' lang='lat' dir='ltr'><strong>progressu</strong></span> <span class='ocrx_word' id='word_1_140' title='bbox 433 1869 463 1917; x_wconf 88' lang='lat' dir='ltr'><strong>et</strong></span> <span class='ocrx_word' id='word_1_141' title='bbox 483 1857 545 1916; x_wconf 85' lang='lat' dir='ltr'><strong>fine</strong></span> <span class='ocrx_word' id='word_1_142' title='bbox 562 1856 633 1916; x_wconf 89' lang='lat' dir='ltr'><strong>haec</strong></span> <span class='ocrx_word' id='word_1_143' title='bbox 654 1857 717 1929; x_wconf 82' lang='lat' dir='ltr'><strong>fere</strong></span> <span class='ocrx_word' id='word_1_144' title='bbox 738 1869 808 1917; x_wconf 88' lang='lat' dir='ltr'><strong>sunt</strong></span> <span class='ocrx_word' id='word_1_145' title='bbox 830 1858 963 1917; x_wconf 89' lang='lat' dir='ltr'><strong>tenenda.</strong></span> <span class='ocrx_word' id='word_1_146' title='bbox 1006 1858 1189 1919; x_wconf 80' lang='lat' dir='ltr'><strong>Recitatores</strong></span> <span class='ocrx_word' id='word_1_147' title='bbox 1210 1858 1245 1917; x_wconf 90' lang='lat' dir='ltr'><strong>ad</strong></span> <span class='ocrx_word' id='word_1_148' title='bbox 1287 1857 1329 1931; x_wconf 80' lang='lat' dir='ltr'><strong>ri-</strong></span> 
     </span>
     <span class='ocr_line' id='line_1_19' title="bbox 250 1878 1330 2021; baseline -0.001 -20"><span class='ocrx_word' id='word_1_149' title='bbox 250 1952 329 2002; x_wconf 80' lang='lat' dir='ltr'><strong>vatas</strong></span> <span class='ocrx_word' id='word_1_150' title='bbox 349 1938 537 1999; x_wconf 87' lang='lat' dir='ltr'><strong>recitationes</strong></span> <span class='ocrx_word' id='word_1_151' title='bbox 566 1936 727 1997; x_wconf 81' lang='lat' dir='ltr'><strong>invitabant</strong></span> <span class='ocrx_word' id='word_1_152' title='bbox 749 1938 796 1998; x_wconf 80' lang='lat' dir='ltr'><strong>vel</strong></span> <span class='ocrx_word' id='word_1_153' title='bbox 810 1959 899 2000; x_wconf 58' lang='lat' dir='ltr'><strong>’voce</strong></span> <span class='ocrx_word' id='word_1_154' title='bbox 919 1934 966 2000; x_wconf 79' lang='lat' dir='ltr'><strong>vel</strong></span> <span class='ocrx_word' id='word_1_155' title='bbox 989 1962 1042 2021; x_wconf 88' lang='lat' dir='ltr'><strong>per</strong></span> <span class='ocrx_word' id='word_1_156' title='bbox 1061 1940 1190 2013; x_wconf 85' lang='lat' dir='ltr'><strong>litteras,</strong></span> <span class='ocrx_word' id='word_1_157' title='bbox 1222 1951 1252 1999; x_wconf 90' lang='lat' dir='ltr'><strong>et</strong></span> <span class='ocrx_word' id='word_1_158' title='bbox 1266 1878 1330 2000; x_wconf 74' lang='lat' dir='ltr'><strong>boc</strong></span> 
     </span>
    </p>
   </div>
   <div class='ocr_carea' id='block_1_7' title="bbox 249 2014 1430 2104">
    <p class='ocr_par' dir='ltr' id='par_1_7' title="bbox 249 2014 1430 2104">
     <span class='ocr_line' id='line_1_20' title="bbox 249 2014 1430 2104; baseline -0.002 -23"><span class='ocrx_word' id='word_1_159' title='bbox 249 2020 359 2102; x_wconf 88' lang='lat' dir='ltr'><strong>duplici</strong></span> <span class='ocrx_word' id='word_1_160' title='bbox 380 2020 469 2080; x_wconf 89' lang='lat' dir='ltr'><strong>modo</strong></span> <span class='ocrx_word' id='word_1_161' title='bbox 492 2031 542 2079; x_wconf 89' lang='lat' dir='ltr'><strong>aut</strong></span> <span class='ocrx_word' id='word_1_162' title='bbox 563 2041 618 2101; x_wconf 89' lang='lat' dir='ltr'><strong>per</strong></span> <span class='ocrx_word' id='word_1_163' title='bbox 639 2020 789 2079; x_wconf 90' lang='lat' dir='ltr'><strong>codicillos</strong></span> <span class='ocrx_word' id='word_1_164' title='bbox 809 2032 860 2079; x_wconf 87' lang='lat' dir='ltr'><strong>aut</strong></span> <span class='ocrx_word' id='word_1_165' title='bbox 880 2042 935 2104; x_wconf 87' lang='lat' dir='ltr'><strong>per</strong></span> <span class='ocrx_word' id='word_1_166' title='bbox 953 2020 1069 2083; x_wconf 87' lang='lat' dir='ltr'><strong>libellos</strong></span> <span class='ocrx_word' id='word_1_167' title='bbox 1090 2023 1137 2082; x_wconf 88' lang='lat' dir='ltr'><strong>vd.</strong></span> <span class='ocrx_word' id='word_1_168' title='bbox 1157 2014 1330 2102; x_wconf 70' lang='lat' dir='ltr'><strong>Ptinllspp</strong></span> <span class='ocrx_word' id='word_1_169' title='bbox 1426 2030 1430 2035; x_wconf 87' lang='grc'><strong><em>’</em></strong></span> 
     </span>
    </p>
   </div>
   <div class='ocr_carea' id='block_1_8' title="bbox 247 2101 1331 2266">
    <p class='ocr_par' dir='ltr' id='par_1_8' title="bbox 247 2101 1331 2266">
     <span class='ocr_line' id='line_1_21' title="bbox 248 2101 1331 2184; baseline 0.001 -23"><span class='ocrx_word' id='word_1_170' title='bbox 248 2107 298 2176; x_wconf 88' lang='lat' dir='ltr'><strong>Ill,</strong></span> <span class='ocrx_word' id='word_1_171' title='bbox 322 2109 368 2163; x_wconf 86' lang='grc'><strong>16.</strong></span> <span class='ocrx_word' id='word_1_172' title='bbox 409 2101 545 2162; x_wconf 89' lang='lat' dir='ltr'><strong>Publicae</strong></span> <span class='ocrx_word' id='word_1_173' title='bbox 568 2112 677 2160; x_wconf 86' lang='lat' dir='ltr'><strong>contra¹</strong></span> <span class='ocrx_word' id='word_1_174' title='bbox 690 2114 903 2183; x_wconf 85' lang='lat' dir='ltr'><strong>programmate</strong></span> <span class='ocrx_word' id='word_1_175' title='bbox 925 2103 987 2163; x_wconf 78' lang='lat' dir='ltr'><strong>sive</strong></span> <span class='ocrx_word' id='word_1_176' title='bbox 1002 2102 1262 2184; x_wconf 76' lang='lat' dir='ltr'><strong>tabula&#39;suspensa</strong></span> <span class='ocrx_word' id='word_1_177' title='bbox 1280 2101 1331 2162; x_wconf 81' lang='lat' dir='ltr'><strong>vel</strong></span> 
     </span>
     <span class='ocr_line' id='line_1_22' title="bbox 247 2182 1328 2266; baseline -0.004 -21"><span class='ocrx_word' id='word_1_178' title='bbox 247 2182 355 2245; x_wconf 89' lang='lat' dir='ltr'><strong>libellis</strong></span> <span class='ocrx_word' id='word_1_179' title='bbox 373 2183 591 2243; x_wconf 83' lang='lat' dir='ltr'><strong>indicebantur..</strong></span> <span class='ocrx_word' id='word_1_180' title='bbox 624 2182 786 2243; x_wconf 86' lang='lat' dir='ltr'><strong>Auditores</strong></span> <span class='ocrx_word' id='word_1_181' title='bbox 809 2182 923 2253; x_wconf 85' lang='lat' dir='ltr'><strong>invitati</strong></span> <span class='ocrx_word' id='word_1_182' title='bbox 943 2197 972 2244; x_wconf 90' lang='lat' dir='ltr'><strong>et</strong></span> <span class='ocrx_word' id='word_1_183' title='bbox 992 2197 1126 2266; x_wconf 88' lang='lat' dir='ltr'><strong>ternpore</strong></span> <span class='ocrx_word' id='word_1_184' title='bbox 1146 2184 1236 2266; x_wconf 88' lang='lat' dir='ltr'><strong>(Plin.</strong></span> <span class='ocrx_word' id='word_1_185' title='bbox 1253 2185 1328 2265; x_wconf 83' lang='lat' dir='ltr'><strong>Epp.</strong></span> 
     </span>
    </p>
   </div>
   <div class='ocr_carea' id='block_1_9' title="bbox 200 2264 1371 2345">
    <p class='ocr_par' dir='ltr' id='par_1_9' title="bbox 200 2264 1371 2345">
     <span class='ocr_line' id='line_1_23' title="bbox 200 2264 1371 2345; baseline 0.002 -22"><span class='ocrx_word' id='word_1_186' title='bbox 200 2290 204 2297; x_wconf 86' lang='grc'><em>·</em></span> <span class='ocrx_word' id='word_1_187' title='bbox 248 2270 336 2341; x_wconf 78' lang='grc'><strong>1,13.</strong></span> <span class='ocrx_word' id='word_1_188' title='bbox 361 2275 571 2325; x_wconf 89' lang='lat' dir='ltr'><strong>commemorat</strong></span> <span class='ocrx_word' id='word_1_189' title='bbox 590 2285 721 2324; x_wconf 90' lang='lat' dir='ltr'><strong>mensem</strong></span> <span class='ocrx_word' id='word_1_190' title='bbox 744 2264 888 2345; x_wconf 84' lang='lat' dir='ltr'><strong>Aprilem,</strong></span> <span class='ocrx_word' id='word_1_191' title='bbox 910 2270 987 2340; x_wconf 82' lang='lat' dir='ltr'><strong>vlu,</strong></span> <span class='ocrx_word' id='word_1_192' title='bbox 1010 2273 1059 2335; x_wconf 77' lang='grc'><strong>21,</strong></span> <span class='ocrx_word' id='word_1_193' title='bbox 1081 2265 1206 2341; x_wconf 89' lang='lat' dir='ltr'><strong>lulium,</strong></span> <span class='ocrx_word' id='word_1_194' title='bbox 1227 2269 1328 2327; x_wconf 72' lang='lat' dir='ltr'><strong>luten.</strong></span> <span class='ocrx_word' id='word_1_195' title='bbox 1368 2272 1371 2274; x_wconf 71' lang='grc'>’</span> 
     </span>
    </p>
   </div>
   <div class='ocr_carea' id='block_1_10' title="bbox 210 2344 1331 3089">
    <p class='ocr_par' dir='ltr' id='par_1_10' title="bbox 210 2344 1331 3089">
     <span class='ocr_line' id='line_1_24' title="bbox 232 2344 1328 2428; baseline 0.001 -23"><span class='ocrx_word' id='word_1_196' title='bbox 232 2351 296 2421; x_wconf 78' lang='grc'><strong>111,</strong></span> <span class='ocrx_word' id='word_1_197' title='bbox 317 2353 344 2406; x_wconf 82' lang='grc'><strong>9.</strong></span> <span class='ocrx_word' id='word_1_198' title='bbox 366 2344 550 2428; x_wconf 84' lang='lat' dir='ltr'><strong>Augustum)</strong></span> <span class='ocrx_word' id='word_1_199' title='bbox 578 2358 608 2406; x_wconf 87' lang='lat' dir='ltr'><strong>et</strong></span> <span class='ocrx_word' id='word_1_200' title='bbox 633 2345 701 2406; x_wconf 90' lang='lat' dir='ltr'><strong>loco</strong></span> <span class='ocrx_word' id='word_1_201' title='bbox 729 2357 839 2406; x_wconf 86' lang='lat' dir='ltr'><strong>statuto</strong></span> <span class='ocrx_word' id='word_1_202' title='bbox 860 2347 1081 2407; x_wconf 83' lang='lat' dir='ltr'><strong>conveniebant.</strong></span> <span class='ocrx_word' id='word_1_203' title='bbox 1119 2348 1252 2407; x_wconf 77' lang='lat' dir='ltr'><strong>Privatae</strong></span> <span class='ocrx_word' id='word_1_204' title='bbox 1275 2347 1328 2406; x_wconf 84' lang='lat' dir='ltr'><strong>ha-</strong></span> 
     </span>
     <span class='ocr_line' id='line_1_25' title="bbox 249 2422 1331 2509; baseline -0.002 -20"><span class='ocrx_word' id='word_1_205' title='bbox 249 2422 394 2489; x_wconf 88' lang='lat' dir='ltr'><strong>bebantur</strong></span> <span class='ocrx_word' id='word_1_206' title='bbox 405 2428 435 2487; x_wconf 92' lang='lat' dir='ltr'><strong>iu</strong></span> <span class='ocrx_word' id='word_1_207' title='bbox 453 2426 783 2501; x_wconf 83' lang='lat' dir='ltr'><strong>recitantium&#39;aedibns,</strong></span> <span class='ocrx_word' id='word_1_208' title='bbox 801 2427 836 2486; x_wconf 76' lang='lat' dir='ltr'><strong>‘in</strong></span> <span class='ocrx_word' id='word_1_209' title='bbox 854 2427 996 2488; x_wconf 77' lang='lat' dir='ltr'><strong>cubiculis</strong></span> <span class='ocrx_word' id='word_1_210' title='bbox 1017 2441 1047 2490; x_wconf 92' lang='lat' dir='ltr'><strong>et</strong></span> <span class='ocrx_word' id='word_1_211' title='bbox 1061 2429 1208 2504; x_wconf 81' lang='lat' dir='ltr'><strong>tricliniis,</strong></span> <span class='ocrx_word' id='word_1_212' title='bbox 1229 2427 1331 2509; x_wconf 59' lang='lat' dir='ltr'><strong>publi-a</strong></span> 
     </span>
     <span class='ocr_line' id='line_1_26' title="bbox 249 2507 1328 2590; baseline -0.001 -19"><span class='ocrx_word' id='word_1_213' title='bbox 249 2532 299 2571; x_wconf 87' lang='lat' dir='ltr'><strong>eae</strong></span> <span class='ocrx_word' id='word_1_214' title='bbox 320 2509 350 2569; x_wconf 91' lang='lat' dir='ltr'><strong>in</strong></span> <span class='ocrx_word' id='word_1_215' title='bbox 369 2508 458 2581; x_wconf 83' lang='lat' dir='ltr'><strong>foro,</strong></span> <span class='ocrx_word' id='word_1_216' title='bbox 479 2508 508 2567; x_wconf 91' lang='lat' dir='ltr'><strong>in</strong></span> <span class='ocrx_word' id='word_1_217' title='bbox 530 2508 665 2584; x_wconf 84' lang='lat' dir='ltr'><strong>theatro,</strong></span> <span class='ocrx_word' id='word_1_218' title='bbox 693 2508 724 2568; x_wconf 89' lang='lat' dir='ltr'><strong>in</strong></span> <span class='ocrx_word' id='word_1_219' title='bbox 746 2507 876 2586; x_wconf 90' lang='lat' dir='ltr'><strong>balneis,</strong></span> <span class='ocrx_word' id='word_1_220' title='bbox 905 2510 935 2569; x_wconf 88' lang='lat' dir='ltr'><strong>in</strong></span> <span class='ocrx_word' id='word_1_221' title='bbox 977 2509 1119 2571; x_wconf 90' lang='lat' dir='ltr'><strong>orticibus</strong></span> <span class='ocrx_word' id='word_1_222' title='bbox 1138 2511 1260 2590; x_wconf 78' lang='lat' dir='ltr'><strong>aliisque</strong></span> <span class='ocrx_word' id='word_1_223' title='bbox 1281 2511 1328 2570; x_wconf 89' lang='lat' dir='ltr'><strong>lo-</strong></span> 
     </span>
     <span class='ocr_line' id='line_1_27' title="bbox 249 2534 1328 2673; baseline -0.001 -21"><span class='ocrx_word' id='word_1_224' title='bbox 249 2590 291 2673; x_wconf 79' lang='lat' dir='ltr'><strong>pis</strong></span> <span class='ocrx_word' id='word_1_225' title='bbox 321 2602 351 2651; x_wconf 88' lang='lat' dir='ltr'><strong>et</strong></span> <span class='ocrx_word' id='word_1_226' title='bbox 379 2591 414 2649; x_wconf 90' lang='lat' dir='ltr'><strong>ad</strong></span> <span class='ocrx_word' id='word_1_227' title='bbox 436 2589 531 2653; x_wconf 78' lang='lat' dir='ltr'><strong>Asinii</strong></span> <span class='ocrx_word' id='word_1_228' title='bbox 554 2589 699 2655; x_wconf 89' lang='lat' dir='ltr'><strong>Pollionis</strong></span> <span class='ocrx_word' id='word_1_229' title='bbox 729 2589 893 2671; x_wconf 86' lang='lat' dir='ltr'><strong>exemplum</strong></span> <span class='ocrx_word' id='word_1_230' title='bbox 922 2534 974 2651; x_wconf 83' lang='lat' dir='ltr'><strong>vel</strong></span> <span class='ocrx_word' id='word_1_231' title='bbox 1002 2592 1031 2651; x_wconf 90' lang='lat' dir='ltr'><strong>in</strong></span> <span class='ocrx_word' id='word_1_232' title='bbox 1060 2593 1136 2653; x_wconf 87' lang='lat' dir='ltr'><strong>atrio</strong></span> <span class='ocrx_word' id='word_1_233' title='bbox 1158 2591 1328 2667; x_wconf 88' lang='lat' dir='ltr'><strong>Libertatis,</strong></span> 
     </span>
     <span class='ocr_line' id='line_1_28' title="bbox 248 2664 1328 2755; baseline -0.001 -23"><span class='ocrx_word' id='word_1_234' title='bbox 248 2672 295 2747; x_wconf 75' lang='lat' dir='ltr'><strong>uel</strong></span> <span class='ocrx_word' id='word_1_235' title='bbox 315 2673 346 2731; x_wconf 91' lang='lat' dir='ltr'><strong>in</strong></span> <span class='ocrx_word' id='word_1_236' title='bbox 365 2673 435 2731; x_wconf 90' lang='lat' dir='ltr'><strong>aede</strong></span> <span class='ocrx_word' id='word_1_237' title='bbox 456 2664 602 2751; x_wconf 80' lang='lat' dir='ltr'><strong>Apollinis</strong></span> <span class='ocrx_word' id='word_1_238' title='bbox 620 2671 762 2748; x_wconf 87' lang='lat' dir='ltr'><strong>Palatini,</strong></span> <span class='ocrx_word' id='word_1_239' title='bbox 781 2672 829 2734; x_wconf 77' lang='lat' dir='ltr'><strong>vel</strong></span> <span class='ocrx_word' id='word_1_240' title='bbox 849 2672 880 2732; x_wconf 87' lang='lat' dir='ltr'><strong>in</strong></span> <span class='ocrx_word' id='word_1_241' title='bbox 900 2674 1012 2755; x_wconf 86' lang='lat' dir='ltr'><strong>templo</strong></span> <span class='ocrx_word' id='word_1_242' title='bbox 1032 2675 1183 2734; x_wconf 87' lang='lat' dir='ltr'><strong>Musarum</strong></span> <span class='ocrx_word' id='word_1_243' title='bbox 1203 2686 1233 2733; x_wconf 82' lang='lat' dir='ltr'><strong>ct</strong></span> <span class='ocrx_word' id='word_1_244' title='bbox 1249 2674 1328 2743; x_wconf 85' lang='lat' dir='ltr'><strong>ller-</strong></span> 
     </span>
     <span class='ocr_line' id='line_1_29' title="bbox 248 2752 1330 2835; baseline 0 -21"><span class='ocrx_word' id='word_1_245' title='bbox 248 2753 401 2828; x_wconf 86' lang='lat' dir='ltr'><strong>culis,·iu</strong></span> <span class='ocrx_word' id='word_1_246' title='bbox 428 2752 601 2827; x_wconf 88' lang='lat' dir='ltr'><strong>Athenae0,</strong></span> <span class='ocrx_word' id='word_1_247' title='bbox 628 2753 776 2813; x_wconf 87' lang='lat' dir='ltr'><strong>interdum</strong></span> <span class='ocrx_word' id='word_1_248' title='bbox 803 2753 834 2813; x_wconf 92' lang='lat' dir='ltr'><strong>in</strong></span> <span class='ocrx_word' id='word_1_249' title='bbox 853 2755 955 2814; x_wconf 73' lang='lat' dir='ltr'><strong>‘domo</strong></span> <span class='ocrx_word' id='word_1_250' title='bbox 983 2757 1095 2835; x_wconf 82' lang='lat' dir='ltr'><strong>privata</strong></span> <span class='ocrx_word' id='word_1_251' title='bbox 1115 2755 1161 2815; x_wconf 87' lang='lat' dir='ltr'><strong>vel</strong></span> <span class='ocrx_word' id='word_1_252' title='bbox 1183 2755 1330 2815; x_wconf 85' lang='lat' dir='ltr'><strong>conducta</strong></span> 
     </span>
     <span class='ocr_line' id='line_1_30' title="bbox 248 2830 1329 2927; baseline 0.002 -33"><span class='ocrx_word' id='word_1_253' title='bbox 248 2836 295 2927; x_wconf 75' lang='lat' dir='ltr'><strong>(in</strong></span> <span class='ocrx_word' id='word_1_254' title='bbox 345 2856 381 2894; x_wconf 89' lang='lat' dir='ltr'><strong>ua</strong></span> <span class='ocrx_word' id='word_1_255' title='bbox 398 2834 587 2893; x_wconf 86' lang='lat' dir='ltr'><strong>&#39;auditorium</strong></span> <span class='ocrx_word' id='word_1_256' title='bbox 622 2834 786 2914; x_wconf 89' lang='lat' dir='ltr'><strong>sumptibus</strong></span> <span class='ocrx_word' id='word_1_257' title='bbox 814 2830 999 2905; x_wconf 84' lang='lat' dir='ltr'><strong>recitantium</strong></span> <span class='ocrx_word' id='word_1_258' title='bbox 1038 2833 1184 2896; x_wconf 90' lang='lat' dir='ltr'><strong>subselliis</strong></span> <span class='ocrx_word' id='word_1_259' title='bbox 1215 2835 1329 2914; x_wconf 82' lang='lat' dir='ltr'><strong>aliaque</strong></span> 
     </span>
     <span class='ocr_line' id='line_1_31' title="bbox 210 2858 1327 2999; baseline -0.001 -23"><span class='ocrx_word' id='word_1_260' title='bbox 210 2943 213 2947; x_wconf 92' lang='lat'>·</span> <span class='ocrx_word' id='word_1_261' title='bbox 248 2858 430 2999; x_wconf 79' lang='lat' dir='ltr'><strong>supellectile</strong></span> <span class='ocrx_word' id='word_1_262' title='bbox 450 2927 512 2975; x_wconf 90' lang='lat' dir='ltr'><strong>erat</strong></span> <span class='ocrx_word' id='word_1_263' title='bbox 532 2914 753 2996; x_wconf 78' lang='lat' dir='ltr'><strong>instruendum)</strong></span> <span class='ocrx_word' id='word_1_264' title='bbox 780 2916 827 2975; x_wconf 75' lang='lat' dir='ltr'><strong>vel</strong></span> <span class='ocrx_word' id='word_1_265' title='bbox 852 2918 942 2999; x_wconf 80' lang='lat' dir='ltr'><strong>gratis</strong></span> <span class='ocrx_word' id='word_1_266' title='bbox 964 2917 999 2977; x_wconf 90' lang='lat' dir='ltr'><strong>ab</strong></span> <span class='ocrx_word' id='word_1_267' title='bbox 1021 2918 1189 2978; x_wconf 84' lang='lat' dir='ltr'><strong>hominibus</strong></span> <span class='ocrx_word' id='word_1_268' title='bbox 1211 2917 1327 2976; x_wconf 87' lang='lat' dir='ltr'><strong>ditiori-</strong></span> 
     </span>
     <span class='ocr_line' id='line_1_32' title="bbox 247 2994 1327 3089; baseline 0.001 -31"><span class='ocrx_word' id='word_1_269' title='bbox 247 2995 464 3089; x_wconf 72' lang='lat' dir='ltr'><strong>bus&#39;ppaebita.</strong></span> <span class='ocrx_word' id='word_1_270' title='bbox 505 2996 657 3057; x_wconf 80' lang='lat' dir='ltr'><strong>Recitator</strong></span> <span class='ocrx_word' id='word_1_271' title='bbox 676 3008 726 3056; x_wconf 86' lang='lat' dir='ltr'><strong>aut</strong></span> <span class='ocrx_word' id='word_1_272' title='bbox 749 2994 842 3072; x_wconf 77' lang='lat' dir='ltr'><strong>solus,</strong></span> <span class='ocrx_word' id='word_1_273' title='bbox 862 2998 887 3057; x_wconf 93' lang='lat' dir='ltr'><strong>si</strong></span> <span class='ocrx_word' id='word_1_274' title='bbox 906 3020 1018 3083; x_wconf 87' lang='lat' dir='ltr'><strong>pauper</strong></span> <span class='ocrx_word' id='word_1_275' title='bbox 1039 2996 1327 3074; x_wconf 68' lang='lat' dir='ltr'><strong>esset,&#39;audit0rium</strong></span> 
     </span>
    </p>
   </div>
   <div class='ocr_carea' id='block_1_11' title="bbox 247 3078 1406 3162">
    <p class='ocr_par' dir='ltr' id='par_1_11' title="bbox 247 3078 1406 3162">
     <span class='ocr_line' id='line_1_33' title="bbox 247 3078 1406 3162; baseline -0.002 -23"><span class='ocrx_word' id='word_1_276' title='bbox 247 3078 420 3162; x_wconf 72' lang='lat' dir='ltr'><strong>ingressus,</strong></span> <span class='ocrx_word' id='word_1_277' title='bbox 441 3088 572 3138; x_wconf 82' lang='lat' dir='ltr'><strong>autenm</strong></span> <span class='ocrx_word' id='word_1_278' title='bbox 593 3099 699 3160; x_wconf 84' lang='lat' dir='ltr'><strong>magno</strong></span> <span class='ocrx_word' id='word_1_279' title='bbox 717 3079 856 3138; x_wconf 89' lang='lat' dir='ltr'><strong>comitatu</strong></span> <span class='ocrx_word' id='word_1_280' title='bbox 876 3080 1035 3140; x_wconf 81' lang='lat' dir='ltr'><strong>amicorum</strong></span> <span class='ocrx_word' id='word_1_281' title='bbox 1057 3086 1094 3141; x_wconf 77' lang='lat' dir='ltr'><strong>et&#39;</strong></span> <span class='ocrx_word' id='word_1_282' title='bbox 1106 3081 1326 3159; x_wconf 87' lang='lat' dir='ltr'><strong>admiratornm,</strong></span> <span class='ocrx_word' id='word_1_283' title='bbox 1402 3154 1406 3161; x_wconf 23' lang='grc' dir='ltr'>ι</span> 
     </span>
    </p>
   </div>
   <div class='ocr_carea' id='block_1_12' title="bbox 246 3153 1328 3326">
    <p class='ocr_par' dir='ltr' id='par_1_12' title="bbox 246 3153 1328 3326">
     <span class='ocr_line' id='line_1_34' title="bbox 248 3153 1328 3243; baseline -0.001 -22"><span class='ocrx_word' id='word_1_284' title='bbox 248 3156 274 3231; x_wconf 85' lang='lat' dir='ltr'><strong>si</strong></span> <span class='ocrx_word' id='word_1_285' title='bbox 296 3160 378 3219; x_wconf 89' lang='lat' dir='ltr'><strong>dives</strong></span> <span class='ocrx_word' id='word_1_286' title='bbox 391 3161 424 3218; x_wconf 85' lang='lat' dir='ltr'><strong>&#39;et</strong></span> <span class='ocrx_word' id='word_1_287' title='bbox 444 3153 551 3218; x_wconf 78' lang='lat' dir='ltr'><strong>nobilis</strong></span> <span class='ocrx_word' id='word_1_288' title='bbox 569 3168 666 3235; x_wconf 81' lang='lat' dir='ltr'><strong>esset,</strong></span> <span class='ocrx_word' id='word_1_289' title='bbox 697 3172 727 3220; x_wconf 90' lang='lat' dir='ltr'><strong>et</strong></span> <span class='ocrx_word' id='word_1_290' title='bbox 747 3162 885 3242; x_wconf 84' lang='lat' dir='ltr'><strong>quaedam</strong></span> <span class='ocrx_word' id='word_1_291' title='bbox 905 3162 940 3221; x_wconf 87' lang='lat' dir='ltr'><strong>ad</strong></span> <span class='ocrx_word' id='word_1_292' title='bbox 957 3164 1126 3222; x_wconf 88' lang='lat' dir='ltr'><strong>auditorum</strong></span> <span class='ocrx_word' id='word_1_293' title='bbox 1148 3162 1328 3243; x_wconf 85' lang='lat' dir='ltr'><strong>benevolen-</strong></span> 
     </span>
     <span class='ocr_line' id='line_1_35' title="bbox 246 3239 1328 3326; baseline 0 -24"><span class='ocrx_word' id='word_1_294' title='bbox 246 3239 316 3302; x_wconf 87' lang='lat' dir='ltr'><strong>tiam</strong></span> <span class='ocrx_word' id='word_1_295' title='bbox 336 3241 503 3321; x_wconf 86' lang='lat' dir='ltr'><strong>captandam</strong></span> <span class='ocrx_word' id='word_1_296' title='bbox 522 3240 669 3322; x_wconf 82' lang='lat' dir='ltr'><strong>praefatus</strong></span> <span class='ocrx_word' id='word_1_297' title='bbox 696 3244 803 3325; x_wconf 90' lang='lat' dir='ltr'><strong>scripta</strong></span> <span class='ocrx_word' id='word_1_298' title='bbox 818 3253 875 3303; x_wconf 83' lang='lat' dir='ltr'><strong>&#39;sua</strong></span> <span class='ocrx_word' id='word_1_299' title='bbox 904 3245 1009 3304; x_wconf 89' lang='lat' dir='ltr'><strong>sedens</strong></span> <span class='ocrx_word' id='word_1_300' title='bbox 1030 3243 1221 3326; x_wconf 82' lang='lat' dir='ltr'><strong>praelegebat.</strong></span> <span class='ocrx_word' id='word_1_301' title='bbox 1262 3243 1328 3302; x_wconf 65' lang='lat' dir='ltr'><strong>aua</strong></span> 
     </span>
    </p>
   </div>
   <div class='ocr_carea' id='block_1_13' title="bbox 247 3322 1421 3463">
    <p class='ocr_par' dir='ltr' id='par_1_13' title="bbox 247 3322 1421 3463">
     <span class='ocr_line' id='line_1_36' title="bbox 247 3322 1421 3463; baseline 0.001 -82"><span class='ocrx_word' id='word_1_302' title='bbox 247 3322 359 3383; x_wconf 90' lang='lat' dir='ltr'><strong>ditores</strong></span> <span class='ocrx_word' id='word_1_303' title='bbox 372 3343 446 3382; x_wconf 85' lang='lat' dir='ltr'><strong>voce</strong></span> <span class='ocrx_word' id='word_1_304' title='bbox 469 3332 613 3463; x_wconf 43' lang='lat' dir='ltr'><strong>pesteque</strong></span> <span class='ocrx_word' id='word_1_305' title='bbox 628 3322 761 3404; x_wconf 90' lang='lat' dir='ltr'><strong>plausum</strong></span> <span class='ocrx_word' id='word_1_306' title='bbox 777 3325 964 3384; x_wconf 88' lang='lat' dir='ltr'><strong>immodicum</strong></span> <span class='ocrx_word' id='word_1_307' title='bbox 980 3338 1066 3406; x_wconf 89' lang='lat' dir='ltr'><strong>atque</strong></span> <span class='ocrx_word' id='word_1_308' title='bbox 1081 3325 1215 3395; x_wconf 79' lang='lat' dir='ltr'><strong>insanum</strong></span> <span class='ocrx_word' id='word_1_309' title='bbox 1233 3324 1330 3405; x_wconf 54' lang='lat' dir='ltr'><strong>signif</strong></span> <span class='ocrx_word' id='word_1_310' title='bbox 1405 3330 1421 3356; x_wconf 88' lang='grc'><strong>·“</strong></span> 
     </span>
    </p>
   </div>
   <div class='ocr_carea' id='block_1_14' title="bbox 232 3398 1327 3578">
    <p class='ocr_par' dir='ltr' id='par_1_14' title="bbox 232 3398 1327 3578">
     <span class='ocr_line' id='line_1_37' title="bbox 232 3398 1327 3489; baseline 0 -23"><span class='ocrx_word' id='word_1_311' title='bbox 232 3404 386 3485; x_wconf 72' lang='lat' dir='ltr'><strong>-bcabant,</strong></span> <span class='ocrx_word' id='word_1_312' title='bbox 408 3398 475 3484; x_wconf 89' lang='lat' dir='ltr'><strong>pulc</strong></span> <span class='ocrx_word' id='word_1_313' title='bbox 499 3406 546 3465; x_wconf 84' lang='lat' dir='ltr'><strong>rel</strong></span> <span class='ocrx_word' id='word_1_314' title='bbox 567 3405 663 3465; x_wconf 85' lang='lat' dir='ltr'><strong>beuel.</strong></span> <span class='ocrx_word' id='word_1_315' title='bbox 680 3406 775 3466; x_wconf 85' lang='lat' dir='ltr'><strong>recte!</strong></span> <span class='ocrx_word' id='word_1_316' title='bbox 794 3401 1000 3484; x_wconf 77' lang='lat' dir='ltr'><strong>acclamantes,</strong></span> <span class='ocrx_word' id='word_1_317' title='bbox 1022 3409 1057 3467; x_wconf 91' lang='lat' dir='ltr'><strong>de</strong></span> <span class='ocrx_word' id='word_1_318' title='bbox 1079 3428 1138 3487; x_wconf 88' lang='lat' dir='ltr'><strong>quo</strong></span> <span class='ocrx_word' id='word_1_319' title='bbox 1156 3407 1232 3467; x_wconf 81' lang='lat' dir='ltr'><strong>infra</strong></span> <span class='ocrx_word' id='word_1_320' title='bbox 1252 3405 1327 3489; x_wconf 80' lang='lat' dir='ltr'><strong>legi-</strong></span> 
     </span>
     <span class='ocr_line' id='line_1_38' title="bbox 246 3468 1324 3578; baseline 0.003 -32"><span class='ocrx_word' id='word_1_321' title='bbox 246 3508 312 3573; x_wconf 84' lang='lat' dir='ltr'><strong>mus</strong></span> <span class='ocrx_word' id='word_1_322' title='bbox 333 3484 490 3546; x_wconf 82' lang='lat' dir='ltr'><strong>clamorem</strong></span> <span class='ocrx_word' id='word_1_323' title='bbox 512 3504 617 3561; x_wconf 71' lang='lat' dir='ltr'><strong>bugum</strong></span> <span class='ocrx_word' id='word_1_324' title='bbox 641 3497 671 3546; x_wconf 84' lang='lat' dir='ltr'><strong>et</strong></span> <span class='ocrx_word' id='word_1_325' title='bbox 690 3468 889 3549; x_wconf 73' lang='lat' dir='ltr'><strong>noces&#39;inanes</strong></span> <span class='ocrx_word' id='word_1_326' title='bbox 910 3496 940 3549; x_wconf 83' lang='lat' dir='ltr'><strong>et</strong></span> <span class='ocrx_word' id='word_1_327' title='bbox 957 3490 1101 3565; x_wconf 76' lang='lat' dir='ltr'><strong>gaudium</strong></span> <span class='ocrx_word' id='word_1_328' title='bbox 1123 3491 1240 3578; x_wconf 65' lang='lat' dir='ltr'><strong>volsco-e⁴</strong></span> <span class='ocrx_word' id='word_1_329' title='bbox 1318 3482 1324 3495; x_wconf 79' lang='grc'><em>’</em></span> 
     </span>
    </p>
   </div>
   <div class='ocr_carea' id='block_1_15' title="bbox 217 3581 1333 4005">
    <p class='ocr_par' dir='ltr' id='par_1_15' title="bbox 245 3581 1327 3833">
     <span class='ocr_line' id='line_1_39' title="bbox 285 3581 1327 3675; baseline -0.004 -26"><span class='ocrx_word' id='word_1_330' title='bbox 285 3642 289 3649; x_wconf 80' lang='lat'><em>.</em></span> <span class='ocrx_word' id='word_1_331' title='bbox 337 3584 366 3647; x_wconf 79' lang='lat' dir='ltr'><strong>et</strong></span> <span class='ocrx_word' id='word_1_332' title='bbox 380 3599 427 3663; x_wconf 81' lang='lat' dir='ltr'><strong>¹ut</strong></span> <span class='ocrx_word' id='word_1_333' title='bbox 452 3588 638 3651; x_wconf 81' lang='lat' dir='ltr'><strong>beatissimus</strong></span> <span class='ocrx_word' id='word_1_334' title='bbox 663 3592 863 3653; x_wconf 80' lang='lat' dir='ltr'><strong>recitationem</strong></span> <span class='ocrx_word' id='word_1_335' title='bbox 891 3597 952 3653; x_wconf 83' lang='lat' dir='ltr'><strong>eius</strong></span> <span class='ocrx_word' id='word_1_336' title='bbox 966 3599 1093 3663; x_wconf 69' lang='lat' dir='ltr'><strong>euentus</strong></span> <span class='ocrx_word' id='word_1_337' title='bbox 1105 3581 1327 3675; x_wconf 70' lang='lat' dir='ltr'><strong>¹prosequatur]</strong></span> 
     </span>
     <span class='ocr_line' id='line_1_40' title="bbox 245 3667 1326 3754; baseline 0 -21"><span class='ocrx_word' id='word_1_338' title='bbox 245 3667 322 3733; x_wconf 82' lang='lat' dir='ltr'><strong>Ptin.</strong></span> <span class='ocrx_word' id='word_1_339' title='bbox 343 3670 417 3750; x_wconf 80' lang='lat' dir='ltr'><strong>Epp.</strong></span> <span class='ocrx_word' id='word_1_340' title='bbox 437 3668 477 3748; x_wconf 75' lang='lat' dir='ltr'><strong>ll,</strong></span> <span class='ocrx_word' id='word_1_341' title='bbox 498 3675 527 3729; x_wconf 85' lang='lat'><strong>9.</strong></span> <span class='ocrx_word' id='word_1_342' title='bbox 572 3672 716 3753; x_wconf 53' lang='lat' dir='ltr'><strong>lictoriae</strong></span> <span class='ocrx_word' id='word_1_343' title='bbox 736 3685 807 3732; x_wconf 83' lang='lat' dir='ltr'><strong>tuoe</strong></span> <span class='ocrx_word' id='word_1_344' title='bbox 823 3708 860 3721; x_wconf 84' lang='lat'><strong>-</strong></span> <span class='ocrx_word' id='word_1_345' title='bbox 878 3677 1031 3750; x_wconf 71' lang='lat' dir='ltr'><strong>gratulor,</strong></span> <span class='ocrx_word' id='word_1_346' title='bbox 1053 3674 1186 3754; x_wconf 78' lang='lat' dir='ltr'><strong>Deosque</strong></span> <span class='ocrx_word' id='word_1_347' title='bbox 1205 3672 1326 3733; x_wconf 81' lang='lat' dir='ltr'><strong>immor·</strong></span> 
     </span>
     <span class='ocr_line' id='line_1_41' title="bbox 246 3752 1327 3833; baseline -0.008 -15"><span class='ocrx_word' id='word_1_348' title='bbox 246 3752 324 3811; x_wconf 60' lang='lat' dir='ltr'><strong>iales</strong></span> <span class='ocrx_word' id='word_1_349' title='bbox 341 3772 445 3832; x_wconf 64' lang='lat' dir='ltr'><strong>prtem·</strong></span> <span class='ocrx_word' id='word_1_350' title='bbox 451 3792 475 3832; x_wconf 69' lang='grc'><strong>,14</strong></span> <span class='ocrx_word' id='word_1_351' title='bbox 494 3762 527 3810; x_wconf 72' lang='lat' dir='ltr'><strong>ut</strong></span> <span class='ocrx_word' id='word_1_352' title='bbox 553 3775 652 3824; x_wconf 76' lang='lat' dir='ltr'><strong>omues</strong></span> <span class='ocrx_word' id='word_1_353' title='bbox 677 3752 879 3829; x_wconf 75' lang='lat' dir='ltr'><strong>cogitationes</strong></span> <span class='ocrx_word' id='word_1_354' title='bbox 894 3767 961 3817; x_wconf 87' lang='lat' dir='ltr'><strong>tuus</strong></span> <span class='ocrx_word' id='word_1_355' title='bbox 988 3765 1050 3815; x_wconf 88' lang='lat' dir='ltr'><strong>tum</strong></span> <span class='ocrx_word' id='word_1_356' title='bbox 1070 3755 1167 3812; x_wconf 84' lang='lat' dir='ltr'><strong>laetus</strong></span> <span class='ocrx_word' id='word_1_357' title='bbox 1186 3761 1327 3833; x_wconf 72' lang='lat' dir='ltr'><strong>sequatur</strong></span> 
     </span>
    </p>

    <p class='ocr_par' dir='ltr' id='par_1_16' title="bbox 217 3830 1333 4005">
     <span class='ocr_line' id='line_1_42' title="bbox 217 3830 1333 3917; baseline 0.002 -28"><span class='ocrx_word' id='word_1_358' title='bbox 217 3832 372 3893; x_wconf 68' lang='lat' dir='ltr'><strong>laventus.</strong></span> <span class='ocrx_word' id='word_1_359' title='bbox 415 3831 528 3917; x_wconf 61' lang='lat' dir='ltr'><strong>beatus</strong></span> <span class='ocrx_word' id='word_1_360' title='bbox 549 3830 617 3915; x_wconf 68' lang='lat' dir='ltr'><strong>iq..</strong></span> <span class='ocrx_word' id='word_1_361' title='bbox 637 3835 739 3897; x_wconf 88' lang='lat' dir='ltr'><strong>laetus.</strong></span> <span class='ocrx_word' id='word_1_362' title='bbox 778 3836 882 3911; x_wconf 84' lang='lat' dir='ltr'><strong>Quint.</strong></span> <span class='ocrx_word' id='word_1_363' title='bbox 903 3838 942 3911; x_wconf 85' lang='lat' dir='ltr'><strong>X,</strong></span> <span class='ocrx_word' id='word_1_364' title='bbox 966 3840 993 3909; x_wconf 91' lang='lat'><strong>1,</strong></span> <span class='ocrx_word' id='word_1_365' title='bbox 1015 3839 1063 3895; x_wconf 90' lang='grc'><strong>61.</strong></span> <span class='ocrx_word' id='word_1_366' title='bbox 1084 3830 1256 3893; x_wconf 82' lang='lat' dir='ltr'><strong>beatissima</strong></span> <span class='ocrx_word' id='word_1_367' title='bbox 1270 3830 1333 3907; x_wconf 53' lang='lat' dir='ltr'><strong>,re-⁴</strong></span> 
     </span>
     <span class='ocr_line' id='line_1_43' title="bbox 244 3912 1304 4005; baseline -0.001 -30.024"><span class='ocrx_word' id='word_1_368' title='bbox 244 3932 315 4005; x_wconf 24' lang='lat' dir='ltr'><strong>*tatto¹</strong></span> <span class='ocrx_word' id='word_1_369' title='bbox 336 3912 541 3996; x_wconf 75' lang='lat' dir='ltr'><strong>uerborumque</strong></span> <span class='ocrx_word' id='word_1_370' title='bbox 557 3922 641 3998; x_wconf 85' lang='lat' dir='ltr'><strong>copia</strong></span> <span class='ocrx_word' id='word_1_371' title='bbox 662 3916 731 3997; x_wconf 89' lang='lat' dir='ltr'><strong>ibiq.</strong></span> <span class='ocrx_word' id='word_1_372' title='bbox 751 3917 872 3999; x_wconf 70' lang='lat' dir='ltr'><strong>Hcrbst,</strong></span> <span class='ocrx_word' id='word_1_373' title='bbox 891 3912 1038 3979; x_wconf 84' lang='lat' dir='ltr'><strong>Roetticb.</strong></span> <span class='ocrx_word' id='word_1_374' title='bbox 1057 3917 1127 3978; x_wconf 87' lang='lat' dir='ltr'><strong>Lex.</strong></span> <span class='ocrx_word' id='word_1_375' title='bbox 1141 3918 1210 3978; x_wconf 84' lang='lat' dir='ltr'><strong>Tac.</strong></span> <span class='ocrx_word' id='word_1_376' title='bbox 1230 3937 1254 3975; x_wconf 89' lang='lat' dir='ltr'><strong>s.</strong></span> <span class='ocrx_word' id='word_1_377' title='bbox 1276 3935 1304 3976; x_wconf 80' lang='lat' dir='ltr'><strong>v.</strong></span> 
     </span>
    </p>
   </div>
   <div class='ocr_carea' id='block_1_16' title="bbox 240 4017 1328 4273">
    <p class='ocr_par' dir='ltr' id='par_1_17' title="bbox 239 4017 1328 4273">
     <span class='ocr_line' id='line_1_44' title="bbox 321 4017 1327 4106; baseline 0.013 -32.945"><span class='ocrx_word' id='word_1_378' title='bbox 321 4017 405 4077; x_wconf 75' lang='lat' dir='ltr'><strong>uelut</strong></span> <span class='ocrx_word' id='word_1_379' title='bbox 431 4019 462 4075; x_wconf 82' lang='lat' dir='ltr'><strong>iu</strong></span> <span class='ocrx_word' id='word_1_380' title='bbox 481 4019 576 4079; x_wconf 69' lang='grc' dir='ltr'><strong>Ιιινῠα</strong></span> <span class='ocrx_word' id='word_1_381' title='bbox 596 4023 641 4080; x_wconf 83' lang='lat' dir='ltr'><strong>oet</strong></span> <span class='ocrx_word' id='word_1_382' title='bbox 655 4022 739 4103; x_wconf 82' lang='lat' dir='ltr'><strong>flore</strong></span> <span class='ocrx_word' id='word_1_383' title='bbox 762 4022 937 4106; x_wconf 75' lang='lat' dir='ltr'><strong>praecepto]</strong></span> <span class='ocrx_word' id='word_1_384' title='bbox 969 4024 1009 4084; x_wconf 81' lang='lat' dir='ltr'><strong>Iu</strong></span> <span class='ocrx_word' id='word_1_385' title='bbox 1026 4024 1126 4084; x_wconf 24' lang='lat' dir='ltr'><strong>herbo,</strong></span> <span class='ocrx_word' id='word_1_386' title='bbox 1140 4057 1180 4072; x_wconf 93' lang='lat'><em>-</em></span> <span class='ocrx_word' id='word_1_387' title='bbox 1207 4018 1327 4085; x_wconf 52' lang='lat' dir='ltr'><strong>iubere</strong></span> 
     </span>
     <span class='ocr_line' id='line_1_45' title="bbox 240 4095 1328 4188; baseline 0.008 -34"><span class='ocrx_word' id='word_1_388' title='bbox 240 4095 293 4178; x_wconf 64' lang='lat' dir='ltr'><strong>dis</strong></span> <span class='ocrx_word' id='word_1_389' title='bbox 311 4116 377 4156; x_wconf 75' lang='lat' dir='ltr'><strong>osae</strong></span> <span class='ocrx_word' id='word_1_390' title='bbox 391 4097 537 4160; x_wconf 80' lang='lat' dir='ltr'><strong>dicuutur</strong></span> <span class='ocrx_word' id='word_1_391' title='bbox 561 4101 727 4180; x_wconf 68' lang='lat' dir='ltr'><strong>tremene,</strong></span> <span class='ocrx_word' id='word_1_392' title='bbox 756 4122 847 4184; x_wconf 83' lang='lat' dir='ltr'><strong>quum</strong></span> <span class='ocrx_word' id='word_1_393' title='bbox 874 4106 1004 4188; x_wconf 80' lang='lat' dir='ltr'><strong>germina</strong></span> <span class='ocrx_word' id='word_1_394' title='bbox 1022 4107 1141 4169; x_wconf 77' lang='lat' dir='ltr'><strong>mittere</strong></span> <span class='ocrx_word' id='word_1_395' title='bbox 1162 4110 1328 4184; x_wconf 79' lang='lat' dir='ltr'><strong>coeperunt</strong></span> 
     </span>
     <span class='ocr_line' id='line_1_46' title="bbox 244 4177 1328 4273; baseline 0.01 -30"><span class='ocrx_word' id='word_1_396' title='bbox 244 4177 520 4245; x_wconf 60' lang='lat' dir='ltr'><strong>medonensem.</strong></span> <span class='ocrx_word' id='word_1_397' title='bbox 552 4182 601 4246; x_wconf 79' lang='lat' dir='ltr'><strong>vd·</strong></span> <span class='ocrx_word' id='word_1_398' title='bbox 619 4183 700 4247; x_wconf 63' lang='lat' dir='ltr'><strong>laia</strong></span> <span class='ocrx_word' id='word_1_399' title='bbox 732 4188 830 4266; x_wconf 79' lang='lat' dir='ltr'><strong>XXV,</strong></span> <span class='ocrx_word' id='word_1_400' title='bbox 859 4192 922 4251; x_wconf 78' lang='lat'><strong>15..</strong></span> <span class='ocrx_word' id='word_1_401' title='bbox 958 4187 1101 4273; x_wconf 74' lang='lat' dir='ltr'><strong>Consules</strong></span> <span class='ocrx_word' id='word_1_402' title='bbox 1127 4222 1168 4241; x_wconf 86' lang='lat'>-</span> <span class='ocrx_word' id='word_1_403' title='bbox 1196 4187 1328 4267; x_wconf 59' lang='lat' dir='ltr'><strong>lesbon</strong></span> 
     </span>
    </p>
   </div>
   <div class='ocr_carea' id='block_1_17' title="bbox 1412 3868 1430 3895">
    <p class='ocr_par' dir='ltr' id='par_1_18' title="bbox 1412 3868 1430 3895">
     <span class='ocr_line' id='line_1_47' title="bbox 1412 3868 1430 3895; baseline 0 0"><span class='ocrx_word' id='word_1_404' title='bbox 1412 3868 1430 3895; x_wconf 62' lang='lat' dir='ltr'>N</span> 
     </span>
    </p>
   </div>
   <div class='ocr_carea' id='block_1_18' title="bbox 0 0 1490 4808">
    <p class='ocr_par' dir='ltr' id='par_1_19' title="bbox 0 0 1490 4808">
     <span class='ocr_line' id='line_1_48' title="bbox 0 0 1490 4808; baseline 0 1"><span class='ocrx_word' id='word_1_405' title='bbox 0 0 1490 4808; x_wconf 95' lang='lat' dir='ltr'><strong> </strong></span> 
     </span>
    </p>
   </div>
  </div>
 </body>
</html>
