2970 4808
262 284 327 343 tto
584 278 740 359 Dialogus
761 278 800 338 aa
826 275 1010 341 Oratoribus
1106 326 1115 337 .

262 435 384 508 Calvus
409 434 522 507 vester
536 447 593 507 aut
607 430 743 504 'Coelius
766 442 823 504 aut
846 430 920 532 ipsc
941 433 1068 506 Cicero.
1118 433 1230 530 Agere
1247 435 1340 507 enim

261 535 383 610 fortius
405 534 473 606 iam
495 548 526 603 et
549 526 726 603 audentius
749 530 844 619 volo,
870 530 898 602 si
921 530 1004 605 illud
1027 547 1102 604 ante
1126 533 1339 632 praedixero,

263 633 384 711 mutari
416 658 490 705 cum
518 629 725 729 temporibus
754 630 879 702 formas
906 658 1056 731 quoque,
1075 647 1107 702 ct
1137 659 1260 728 genera
1285 632 1340 703 ‹ti-

263 813 397 870 imitotus
417 822 474 865 aon
495 815 570 865 esset
591 826 625 866 ex
647 800 758 868 ementi.
772 801 868 866 Rben.
888 826 969 885 seqq.
991 813 1021 866 et
1040 808 1119 888 Rup.
1140 817 1169 867 et
1188 830 1260 890 quos
1279 812 1339 868 uti-

263 908 332 951 nam
357 910 393 948 ne
414 891 463 946 im.
486 882 561 946 esse'l
581 889 686 947 Heum.
708 898 737 946 et
763 909 835 969 quos
861 892 974 946 utinam
997 890 1078 947 nullo
1096 901 1184 971 porte
1204 893 1340 951 imitatus

265 974 341 1032 esset
361 966 455 1031 Codtl.
475 969 560 1028 Farn.
583 966 622 1050 (e.
637 968 703 1027 coll.
723 965 882 1048 Niebuhr.)
902 968 1151 1045 Vaticc.=Broter.
1171 970 1287 1051 (Oberl.
1309 982 1341 1031 et

265 1055 386 1112 Liincm.
407 1050 479 1109 imit.
502 1072 528 1108 n.
547 1072 576 1130 p.
598 1045 637 1130 a.)
658 1050 769 1108 utinam
791 1053 822 1108 iu
839 1051 892 1108 illo
910 1052 1150 1130 porte'imitotus
1169 1063 1244 1113 esset
1265 1050 1341 1114 Cot.

264 1136 349 1195 tarn.
371 1153 387 1191 e
408 1130 475 1192 coll.
495 1129 652 1212 Schluttig.
672 1134 784 1188 utinam
804 1150 840 1189 ne
861 1133 890 1188 in
912 1130 966 1189 itta
989 1141 1079 1212 porte
1099 1127 1237 1191 “imitatus
1265 1141 1342 1193 esset

265 1212 375 1274 Mutet.
391 1230 407 1273 c
426 1214 604 1280 coniectura,
626 1210 674 1270 cui
687 1208 865 1293 suffragatur
879 1209 952 1273 Cod.
972 1212 1070 1287 Fara,
1089 1225 1205 1293 receptu
1220 1236 1235 1273 a
1248 1213 1341 1293 Bekk.

267 1294 341 1355 Ritt.
364 1304 395 1353 et
414 1292 535 1374 probata
556 1290 703 1351 Ecltstein.
724 1292 755 1353 in
780 1305 879 1352 annot.
907 1293 987 1352 Lect.
1007 1294 1088 1354 nullo
1105 1316 1135 1375 p.
1156 1299 1204 1352 im.
1227 1316 1266 1353 es.
1289 1316 1342 1354 ex-

215 1440 217 1445 ,
266 1375 354 1458 plicat
373 1373 546 1434 Ernestius:
575 1375 614 1432 Et
634 1373 724 1447 tales,
745 1385 780 1432 ut
800 1374 958 1454 optandum
979 1373 1035 1448 sit,
1057 1385 1092 1434 ut
1107 1375 1141 1434 ab
1156 1396 1256 1434 eorum
1275 1370 1343 1434 imi-

265 1457 377 1525 tatione
405 1476 437 1514 se
458 1454 669 1514 abstinuissent
690 1452 821 1531 Calvus,
852 1452 966 1531 Caelius
988 1466 1041 1514 etc.
1080 1457 1246 1516 Secundum
1273 1456 1342 1516 lect.

268 1560 304 1598 ue
324 1541 353 1596 in
372 1538 425 1595 illo
444 1545 532 1619 parte
551 1532 809 1631 reprehenduntur
831 1556 846 1594 a
866 1537 934 1595 Tac.
951 1533 1086 1612 Caelius,
1108 1535 1215 1608 Calvus
1238 1538 1344 1620 etipse

268 1618 393 1691 Cicero,
414 1617 493 1696 qnod
513 1616 660 1675 horridam
684 1629 714 1675 et
739 1615 899 1696 impolitam
928 1618 1090 1676 orationem
1112 1617 1238 1694 Galbae,
1268 1616 1344 1679 Car·
1387 1682 1393 1690 ,

267 1698 355 1760 bonis
375 1698 558 1779 aliorumque
577 1696 682 1758 imitati
704 1698 764 1756 sint
784 1719 870 1777 quarn
889 1697 948 1757 vim
968 1694 1346 1781 vehementiamque„quae

267 1781 326 1840 illis
344 1801 360 1839 a
378 1790 450 1839 vett.
467 1778 672 1859 scriptoribus,
694 1798 769 1858 quos
794 1799 882 1858 supra
901 1778 1091 1855 laudavimus,
1111 1780 1260 1840 tribuitur.
1293 1779 1346 1840 Sic

268 1861 378 1944 legitur
406 1859 482 1919 Dial.
512 1865 560 1919 21.
589 1880 642 1919 aea
675 1879 837 1942 quenquam
866 1859 940 1918 adeo
969 1864 1167 1944 antiquarium
1192 1872 1283 1945 puto,
1312 1870 1346 1920 ut
1379 1872 1393 1908 ἵ
1468 1848 1469 1853 ¹

270 1943 402 2002 Coelium
423 1961 461 1999 ea
483 1961 519 1999 co
536 1951 624 2022 porte
644 1941 760 2016 laudet,
781 1961 839 2024 quo
859 1946 994 2024 antiquus
1014 1953 1065 2002 est.

352 2048 422 2097 onte
439 2032 638 2133 praedixero]
680 2039 775 2098 Hand.
794 2038 921 2098 Turseli.
944 2039 1011 2099 Vol.
1031 2038 1052 2101 l.
1074 2063 1102 2121 p.
1124 2045 1201 2100 385:
1224 2039 1267 2100 »A
1289 2061 1347 2100 vo-

272 2119 375 2182 cabulo
405 2129 475 2178 onte
495 2118 702 2201 distingurmus
729 2119 977 2202 praepositionem
995 2142 1070 2202 proc
1095 2121 1217 2180 notione
1237 2121 1272 2181 ab
1294 2143 1347 2182 or-

272 2202 340 2261 dine
360 2201 527 2280 desumpta:
558 2213 737 2281 quapropter
763 2201 833 2261 baec
858 2202 978 2282 proprie
1007 2200 1114 2260 dicitur
1141 2203 1177 2261 de
1196 2222 1236 2261 re
1263 2202 1347 2282 prius

309 2282 381 2342 enda
412 2292 441 2341 et
472 2281 507 2340 de
535 2302 707 2361 quacunque
735 2281 919 2361 praestantia.
967 2287 1009 2341 At
1035 2281 1163 2362 vulgaris
1182 2305 1255 2343 usus
1276 2283 1349 2343 baec

271 2304 308 2423 ib
328 2360 538 2440 antiquissimis
560 2361 615 2421 iam
635 2361 816 2442 temporibus
837 2360 962 2422 miscuit.
984 2397 1020 2409 -
1061 2363 1156 2445 Igitur
1171 2375 1240 2423 onte
1260 2363 1350 2424 etiam

272 2443 396 2525 ponitur
415 2441 450 2500 de
472 2462 527 2516 eo,
547 2443 626 2523 quod
646 2443 729 2523 prius
750 2443 874 2518 fit,.aut
892 2463 961 2523 prae
980 2441 1042 2501 aliis
1063 2444 1151 2503 rebus
1174 2445 1349 2505 conficitur:

273 2544 362 2604 quare
384 2521 575 2605 coniungitur
589 2545 655 2584 cum
675 2523 772 2583 verbis
784 2544 1022 2604 praeoccupare,
1041 2545 1238 2605 praeparare,
1256 2545 1351 2606 proe-

275 2609 424 2680 cogitorc,
453 2607 625 2698 praescire,
655 2615 685 2663 et
711 2603 774 2664 aliis
796 2605 882 2665 buius
924 2604 1037 2677 eneris,
1067 2616 1184 2665 etcum
1208 2601 1350 2667 adverbio

271 2690 381 2767 prius«
422 2684 498 2742 Dtal.
518 2690 568 2743 28.
586 2688 669 2764 prius
683 2685 872 2766 praedixero.
894 2627 956 2744 (iic.
974 2683 1050 2744 Phil.
1065 2687 1117 2759 Vl,
1139 2692 1166 2745 3.
1186 2687 1260 2747 Plin.
1274 2688 1352 2767 Epp.

230 2774 235 2810 ἲ
275 2766 314 2842 Χ,
341 2768 387 2826 15.
418 2775 487 2829 ante
509 2766 691 2845 praedicere.
738 2766 818 2825 Flor.
839 2767 875 2840 ll,
905 2771 955 2841 12,
979 2764 1025 2829 14.
1066 2765 1128 2825 Sat
1153 2770 1243 2827 multo
1265 2772 1352 2847 prius

273 2847 416 2922 goudium
450 2850 587 2906 victoriae
613 2847 736 2927 populus
772 2847 923 2907 Romanus
941 2866 1039 2928 quom
1072 2850 1202 2927 epistolis
1236 2852 1352 2908 victoris

222 2944 226 2955 '
272 2936 471 3009 praeceperat
490 2926 566 3008 (non
583 2927 716 3008 percep.)
731 2926 800 3005 ibiq.
817 2922 927 2985 Duker.
943 2928 1010 2986 Tac.
1031 2924 1110 2985 Ann.
1124 2929 1176 3002 xt,
1193 2935 1220 2987 7.
1240 2930 1315 2988 nibil
1329 2946 1353 2987 α

275 3027 419 3169 puppuppr
442 3011 542 3147 eoprepli
551 3010 618 3145 pisi
636 3005 848 3147 cippushfrpctus
856 3008 1114 3148 lpotgrprooiplgrpt
1129 3007 1245 3150 issani}
1258 3029 1353 3148 propl-

277 3094 332 3148 oi.
369 3110 438 3146 ιι.
538 3099 637 3147 t.et
685 3110 746 3148 ac.
795 3109 885 3147 ams.
954 3130 1017 3146 ..
1100 3110 1202 3149 ..a
1249 3090 1354 3150 attic.

275 3171 346 3230 Lexss
368 3110 436 3228 Tai.
456 3167 592 3251 Prolegg.
613 3191 642 3251 p.
662 3156 788 3228 Lthttss
988 3087 1007 3169 ἓ
1120 3196 1121 3199 “

362 3260 476 3325 maturi
494 3277 559 3316 cum
580 3258 758 3339 temporibus
769 3253 890 3335 formos
908 3277 1020 3339 quoque
1041 3266 1070 3316 et
1087 3276 1198 3332 genero
1218 3252 1353 3337 dicende]

276 3332 352 3394 Dial.
367 3339 413 3394 19.
436 3357 501 3395 cum
523 3338 687 3398 conditione
706 3349 867 3418 temporum
880 3336 1016 3414 sormam
1037 3359 1147 3421 quoque
1169 3345 1208 3396 oo'
1226 3341 1355 3417 speciem

278 3418 423 3474 orationis
441 3438 503 3477 esse
524 3420 705 3479 mutandam.
747 3418 849 3478 lustin.
870 3420 981 3494 XXXI,
1006 3423 1036 3494 5,
1058 3425 1086 3480 9.
1127 3420 1254 3479 Reverso
1277 3419 1356 3478 Cor-

277 3497 428 3572 thoginem
449 3503 551 3559 statim
581 3521 646 3561 cum
675 3502 740 3572 loco
760 3498 916 3576 fortunam
940 3500 1009 3558 belli
1028 3509 1182 3567 mutatam.
1218 3502 1265 3559 De
1286 3520 1357 3560 sen-

276 3577 369 3636 tentia
390 3577 427 3638 cs.
458 3580 562 3653 Quint.
583 3584 619 3654 11,
640 3585 671 3655 5,
695 3582 745 3640 24.
766 3586 796 3654 8,
818 3587 847 3640 2.
891 3578 952 3640 Cic.
975 3580 1011 3640 de
1039 3581 1158 3640 Orator.
1179 3574 1229 3657 ltt,
1253 3585 1284 3655 9,
1306 3583 1358 3640 at.

277 3660 306 3715 si
326 3678 422 3738 poene
449 3661 673 3723 innumerabiles
694 3664 753 3718 siut
798 3663 866 3719 uosi
884 3659 1005 3738 formae
1023 3659 1147 3740 figurae
1166 3681 1201 3721 uc
1228 3659 1359 3735 dicendi,

278 3741 372 3891 {propia
394 3738 544 3900 disparsus,
563 3762 670 3817 genere
691 3684 864 3801 laudabiles.
894 3740 1030 3801 Schuetz.
1046 3741 1118 3801 Lex.
1138 3685 1200 3802 (lic.
1219 3740 1358 3805 Bonnett

312 3829 386 3875 utut.
405 3841 428 3877 s.
447 3842 474 3880 v.
508 3844 602 3880 ormo.
670 3824 674 3831 ’

290 3980 294 3989 ,
365 3911 473 3973 Catoni
488 3915 568 3997 seni]
609 3919 652 3976 M.
674 3917 802 3977 Porcius
823 3915 915 3990 Coto,
944 3913 1063 3975 Priscus
1084 3916 1147 3976 sive
1167 3918 1280 3994 Maior,
1303 3918 1359 3979 Sa-

279 3989 363 4074 piens
383 3994 432 4054 rel
474 3996 536 4073 uia
556 4018 610 4056 cen
649 4019 680 4056 ra
701 4019 812 4057 summa
833 4018 864 4057 se
902 3997 990 4059 ritate
1011 4007 1093 4077 gesta
1112 3996 1268 4058 Censorius
1282 3998 1359 4057 dici·

279 4084 342 4148 tur,
361 4016 483 4135 Tusculi
500 4085 619 4138 natus5
643 4083 671 4136 9.
691 4089 779 4137 mort.
801 4019 923 4137 cosli.
942 4073 990 4151 (1.,
1006 4087 1055 4135 tot
1074 4088 1104 4135 et
1123 4089 1182 4136 tam
1200 4078 1359 4158 praeclaris

258 4152 392 4235 stupenti
425 4151 572 4236 animique
606 4157 767 4248 virtutibus
796 4168 829 4218 et
863 4158 953 4220 rebus
991 4155 1071 4216 domi
1106 4155 1234 4238 bellique
1265 4159 1361 4241 gestis
