<?xml version="1.0" encoding="UTF-8"?>
<!DOCTYPE html PUBLIC "-//W3C//DTD XHTML 1.0 Transitional//EN"
    "http://www.w3.org/TR/xhtml1/DTD/xhtml1-transitional.dtd">
<html xmlns="http://www.w3.org/1999/xhtml" xml:lang="en" lang="en">
 <head>
  <title>
</title>
<meta http-equiv="Content-Type" content="text/html;charset=utf-8" />
  <meta name='ocr-system' content='tesseract 3.04.00' />
  <meta name='ocr-capabilities' content='ocr_page ocr_carea ocr_par ocr_line ocrx_word'/>
</head>
<body>
  <div class='ocr_page' id='page_1' title='image "./ccorneliitaciti00hessgoog_0143.png"; bbox 0 0 2970 4808; ppageno 0'>
   <div class='ocr_carea' id='block_1_1' title="bbox 956 55 964 84">
    <p class='ocr_par' dir='ltr' id='par_1_1' title="bbox 956 55 964 84">
     <span class='ocr_line' id='line_1_1' title="bbox 956 55 964 84; baseline 0 0"><span class='ocrx_word' id='word_1_1' title='bbox 956 55 964 84; x_wconf 76' lang='lat' dir='ltr'><strong>l</strong></span> 
     </span>
    </p>
   </div>
   <div class='ocr_carea' id='block_1_2' title="bbox 265 258 1085 369">
    <p class='ocr_par' dir='ltr' id='par_1_2' title="bbox 265 258 1085 369">
     <span class='ocr_line' id='line_1_2' title="bbox 265 258 1085 369; baseline -0.005 -28"><span class='ocrx_word' id='word_1_2' title='bbox 265 279 328 341; x_wconf 77' lang='lat'><strong>108</strong></span> <span class='ocrx_word' id='word_1_3' title='bbox 601 258 758 358; x_wconf 67' lang='lat' dir='ltr'><strong>Dialogus</strong></span> <span class='ocrx_word' id='word_1_4' title='bbox 780 277 818 338; x_wconf 86' lang='lat' dir='ltr'><strong>de</strong></span> <span class='ocrx_word' id='word_1_5' title='bbox 839 274 1023 369; x_wconf 67' lang='grc' dir='ltr'><strong>Οναιονίζιιιε</strong></span> <span class='ocrx_word' id='word_1_6' title='bbox 1082 280 1085 284; x_wconf 74' lang='grc'><em>’</em></span> 
     </span>
    </p>
   </div>
   <div class='ocr_carea' id='block_1_3' title="bbox 262 428 1378 628">
    <p class='ocr_par' dir='ltr' id='par_1_3' title="bbox 262 428 1378 628">
     <span class='ocr_line' id='line_1_3' title="bbox 262 428 1378 533; baseline -0.004 -28"><span class='ocrx_word' id='word_1_7' title='bbox 262 452 372 505; x_wconf 78' lang='lat' dir='ltr'><strong>cerem</strong></span> <span class='ocrx_word' id='word_1_8' title='bbox 399 430 435 502; x_wconf 91' lang='lat' dir='ltr'><strong>in</strong></span> <span class='ocrx_word' id='word_1_9' title='bbox 464 429 574 502; x_wconf 82' lang='lat' dir='ltr'><strong>modio</strong></span> <span class='ocrx_word' id='word_1_10' title='bbox 606 431 703 502; x_wconf 86' lang='lat' dir='ltr'><strong>sitam</strong></span> <span class='ocrx_word' id='word_1_11' title='bbox 724 447 755 503; x_wconf 89' lang='lat' dir='ltr'><strong>et</strong></span> <span class='ocrx_word' id='word_1_12' title='bbox 777 431 970 533; x_wconf 80' lang='lat' dir='ltr'>propiorem</span> <span class='ocrx_word' id='word_1_13' title='bbox 1003 428 1103 500; x_wconf 87' lang='lat' dir='ltr'><strong>nobis</strong></span> <span class='ocrx_word' id='word_1_14' title='bbox 1138 444 1239 526; x_wconf 80' lang='lat' dir='ltr'><strong>quam</strong></span> <span class='ocrx_word' id='word_1_15' title='bbox 1259 429 1340 501; x_wconf 77' lang='lat' dir='ltr'><strong>-Sen</strong></span> <span class='ocrx_word' id='word_1_16' title='bbox 1375 433 1378 439; x_wconf 80' lang='grc'><strong>’</strong></span> 
     </span>
     <span class='ocr_line' id='line_1_4' title="bbox 264 527 1344 628; baseline -0.003 -26"><span class='ocrx_word' id='word_1_17' title='bbox 264 529 395 603; x_wconf 77' lang='lat' dir='ltr'><strong>Galbae</strong></span> <span class='ocrx_word' id='word_1_18' title='bbox 422 545 478 602; x_wconf 87' lang='lat' dir='ltr'><strong>aut</strong></span> <span class='ocrx_word' id='word_1_19' title='bbox 504 528 538 598; x_wconf 94' lang='lat' dir='ltr'><strong>C.</strong></span> <span class='ocrx_word' id='word_1_20' title='bbox 560 528 724 618; x_wconf 81' lang='lat' dir='ltr'><strong>Carboni,</strong></span> <span class='ocrx_word' id='word_1_21' title='bbox 752 556 905 628; x_wconf 89' lang='lat' dir='ltr'><strong>quosque</strong></span> <span class='ocrx_word' id='word_1_22' title='bbox 930 528 1012 600; x_wconf 89' lang='lat' dir='ltr'><strong>alios</strong></span> <span class='ocrx_word' id='word_1_23' title='bbox 1039 527 1157 601; x_wconf 88' lang='lat' dir='ltr'><strong>merito</strong></span> <span class='ocrx_word' id='word_1_24' title='bbox 1183 529 1344 626; x_wconf 85' lang='lat' dir='ltr'><strong>antiquos</strong></span> 
     </span>
    </p>
   </div>
   <div class='ocr_carea' id='block_1_4' title="bbox 225 694 1343 1158">
    <p class='ocr_par' dir='ltr' id='par_1_4' title="bbox 225 694 1343 1158">
     <span class='ocr_line' id='line_1_5' title="bbox 225 694 1343 776; baseline -0.002 -20"><span class='ocrx_word' id='word_1_25' title='bbox 225 746 242 761; x_wconf 51' lang='grc'><strong>,.</strong></span> <span class='ocrx_word' id='word_1_26' title='bbox 342 701 372 756; x_wconf 88' lang='lat' dir='ltr'><strong>in</strong></span> <span class='ocrx_word' id='word_1_27' title='bbox 404 696 500 754; x_wconf 90' lang='lat' dir='ltr'><strong>medio</strong></span> <span class='ocrx_word' id='word_1_28' title='bbox 526 697 627 773; x_wconf 84' lang='lat' dir='ltr'><strong>sitam]</strong></span> <span class='ocrx_word' id='word_1_29' title='bbox 673 696 710 754; x_wconf 89' lang='lat' dir='ltr'><strong>In</strong></span> <span class='ocrx_word' id='word_1_30' title='bbox 739 696 836 765; x_wconf 86' lang='lat' dir='ltr'><strong>medio</strong></span> <span class='ocrx_word' id='word_1_31' title='bbox 862 701 952 755; x_wconf 88' lang='lat' dir='ltr'><strong>sitnm</strong></span> <span class='ocrx_word' id='word_1_32' title='bbox 980 694 1042 754; x_wconf 87' lang='lat' dir='ltr'><strong>sive</strong></span> <span class='ocrx_word' id='word_1_33' title='bbox 1063 699 1190 775; x_wconf 83' lang='lat' dir='ltr'><strong>positum</strong></span> <span class='ocrx_word' id='word_1_34' title='bbox 1224 706 1269 755; x_wconf 87' lang='lat' dir='ltr'><strong>est</strong></span> <span class='ocrx_word' id='word_1_35' title='bbox 1298 694 1343 776; x_wconf 76' lang='lat' dir='ltr'><strong>(tr</strong></span> 
     </span>
     <span class='ocr_line' id='line_1_6' title="bbox 262 775 1340 857; baseline 0 -20"><span class='ocrx_word' id='word_1_36' title='bbox 262 783 335 854; x_wconf 73' lang='lat' dir='ltr'><strong>ulan</strong></span> <span class='ocrx_word' id='word_1_37' title='bbox 354 775 451 855; x_wconf 68' lang='grc' dir='ltr'><strong>κςτιαι)</strong></span> <span class='ocrx_word' id='word_1_38' title='bbox 480 775 527 849; x_wconf 90' lang='lat' dir='ltr'><strong>id,</strong></span> <span class='ocrx_word' id='word_1_39' title='bbox 555 777 591 836; x_wconf 87' lang='lat' dir='ltr'><strong>ad</strong></span> <span class='ocrx_word' id='word_1_40' title='bbox 621 777 858 856; x_wconf 86' lang='lat' dir='ltr'><strong>qaod-undique</strong></span> <span class='ocrx_word' id='word_1_41' title='bbox 884 776 977 837; x_wconf 84' lang='lat' dir='ltr'><strong>cuivis</strong></span> <span class='ocrx_word' id='word_1_42' title='bbox 1005 776 1099 836; x_wconf 87' lang='lat' dir='ltr'><strong>aditus</strong></span> <span class='ocrx_word' id='word_1_43' title='bbox 1128 788 1225 857; x_wconf 88' lang='lat' dir='ltr'><strong>patet,</strong></span> <span class='ocrx_word' id='word_1_44' title='bbox 1254 777 1340 838; x_wconf 79' lang='lat' dir='ltr'><strong>cuius</strong></span> 
     </span>
     <span class='ocr_line' id='line_1_7' title="bbox 261 857 1339 937; baseline 0.003 -23"><span class='ocrx_word' id='word_1_45' title='bbox 261 858 358 936; x_wconf 78' lang='lat' dir='ltr'><strong>quivis</strong></span> <span class='ocrx_word' id='word_1_46' title='bbox 388 857 532 937; x_wconf 74' lang='lat' dir='ltr'>particeps</span> <span class='ocrx_word' id='word_1_47' title='bbox 560 857 626 916; x_wconf 86' lang='lat' dir='ltr'><strong>fieri</strong></span> <span class='ocrx_word' id='word_1_48' title='bbox 652 869 770 937; x_wconf 86' lang='lat' dir='ltr'><strong>potest,</strong></span> <span class='ocrx_word' id='word_1_49' title='bbox 806 858 852 917; x_wconf 91' lang='lat' dir='ltr'><strong>vel</strong></span> <span class='ocrx_word' id='word_1_50' title='bbox 880 858 961 937; x_wconf 89' lang='lat' dir='ltr'><strong>quod</strong></span> <span class='ocrx_word' id='word_1_51' title='bbox 989 857 1124 921; x_wconf 87' lang='lat' dir='ltr'><strong>omnibus</strong></span> <span class='ocrx_word' id='word_1_52' title='bbox 1153 870 1257 918; x_wconf 87' lang='lat' dir='ltr'><strong>notum</strong></span> <span class='ocrx_word' id='word_1_53' title='bbox 1284 870 1339 917; x_wconf 90' lang='lat' dir='ltr'><strong>est.</strong></span> 
     </span>
     <span class='ocr_line' id='line_1_8' title="bbox 260 936 1340 1020; baseline -0.001 -23"><span class='ocrx_word' id='word_1_54' title='bbox 260 938 329 997; x_wconf 87' lang='lat' dir='ltr'><strong>Ter.</strong></span> <span class='ocrx_word' id='word_1_55' title='bbox 351 937 470 997; x_wconf 89' lang='lat' dir='ltr'><strong>Phorm.</strong></span> <span class='ocrx_word' id='word_1_56' title='bbox 491 936 567 1018; x_wconf 86' lang='lat' dir='ltr'><strong>prol.</strong></span> <span class='ocrx_word' id='word_1_57' title='bbox 592 942 638 998; x_wconf 84' lang='lat'><strong>17.</strong></span> <span class='ocrx_word' id='word_1_58' title='bbox 658 942 688 997; x_wconf 89' lang='lat' dir='ltr'><strong>in</strong></span> <span class='ocrx_word' id='word_1_59' title='bbox 707 938 803 997; x_wconf 88' lang='lat' dir='ltr'><strong>medio</strong></span> <span class='ocrx_word' id='word_1_60' title='bbox 823 940 954 1000; x_wconf 79' lang='lat' dir='ltr'><strong>omnibus</strong></span> <span class='ocrx_word' id='word_1_61' title='bbox 970 940 1105 1019; x_wconf 85' lang='lat' dir='ltr'><strong>palmam</strong></span> <span class='ocrx_word' id='word_1_62' title='bbox 1117 953 1182 998; x_wconf 81' lang='lat' dir='ltr'><strong>esse</strong></span> <span class='ocrx_word' id='word_1_63' title='bbox 1199 943 1340 1020; x_wconf 85' lang='lat' dir='ltr'><strong>positam,</strong></span> 
     </span>
     <span class='ocr_line' id='line_1_9' title="bbox 260 1018 1339 1158; baseline 0.001 -81"><span class='ocrx_word' id='word_1_64' title='bbox 260 1022 311 1158; x_wconf 66' lang='lat' dir='ltr'><strong>qpi</strong></span> <span class='ocrx_word' id='word_1_65' title='bbox 329 1030 425 1079; x_wconf 83' lang='lat' dir='ltr'><strong>artem</strong></span> <span class='ocrx_word' id='word_1_66' title='bbox 439 1028 573 1079; x_wconf 80' lang='lat' dir='ltr'><strong>tractant</strong></span> <span class='ocrx_word' id='word_1_67' title='bbox 595 1024 739 1078; x_wconf 83' lang='lat' dir='ltr'><strong><em>musicam</em></strong></span> <span class='ocrx_word' id='word_1_68' title='bbox 759 1018 828 1098; x_wconf 89' lang='lat' dir='ltr'><strong>ibiq.</strong></span> <span class='ocrx_word' id='word_1_69' title='bbox 850 1019 969 1080; x_wconf 82' lang='lat' dir='ltr'><strong>Rubuk.</strong></span> <span class='ocrx_word' id='word_1_70' title='bbox 985 1020 1063 1080; x_wconf 89' lang='lat' dir='ltr'><strong>Dict.</strong></span> <span class='ocrx_word' id='word_1_71' title='bbox 1080 1019 1155 1081; x_wconf 88' lang='lat' dir='ltr'><strong>Plin.</strong></span> <span class='ocrx_word' id='word_1_72' title='bbox 1170 1022 1276 1101; x_wconf 77' lang='lat' dir='ltr'><strong>Pancg.</strong></span> <span class='ocrx_word' id='word_1_73' title='bbox 1289 1026 1339 1079; x_wconf 82' lang='grc'><strong>88.</strong></span> 
     </span>
    </p>
   </div>
   <div class='ocr_carea' id='block_1_5' title="bbox 168 1100 1389 4262">
    <p class='ocr_par' dir='ltr' id='par_1_5' title="bbox 249 1100 1341 1587">
     <span class='ocr_line' id='line_1_10' title="bbox 260 1100 1339 1182; baseline -0.001 -23"><span class='ocrx_word' id='word_1_74' title='bbox 260 1151 264 1159; x_wconf 88' lang='grc'><strong>.</strong></span> <span class='ocrx_word' id='word_1_75' title='bbox 290 1110 410 1158; x_wconf 88' lang='lat' dir='ltr'><strong>aratum</strong></span> <span class='ocrx_word' id='word_1_76' title='bbox 432 1101 466 1159; x_wconf 88' lang='lat' dir='ltr'><strong>id</strong></span> <span class='ocrx_word' id='word_1_77' title='bbox 482 1101 597 1182; x_wconf 89' lang='lat' dir='ltr'><strong>quidem</strong></span> <span class='ocrx_word' id='word_1_78' title='bbox 620 1111 648 1159; x_wconf 90' lang='lat' dir='ltr'><strong>et</strong></span> <span class='ocrx_word' id='word_1_79' title='bbox 672 1104 703 1159; x_wconf 94' lang='lat' dir='ltr'><strong>in</strong></span> <span class='ocrx_word' id='word_1_80' title='bbox 725 1100 820 1160; x_wconf 89' lang='lat' dir='ltr'><strong>medio</strong></span> <span class='ocrx_word' id='word_1_81' title='bbox 845 1104 988 1181; x_wconf 87' lang='lat' dir='ltr'><strong>positum,</strong></span> <span class='ocrx_word' id='word_1_82' title='bbox 1016 1122 1120 1160; x_wconf 81' lang='lat' dir='ltr'><strong>nonum</strong></span> <span class='ocrx_word' id='word_1_83' title='bbox 1141 1106 1240 1159; x_wconf 84' lang='lat' dir='ltr'><strong>tamen</strong></span> <span class='ocrx_word' id='word_1_84' title='bbox 1267 1100 1339 1180; x_wconf 91' lang='lat' dir='ltr'><strong>ibiq.</strong></span> 
     </span>
     <span class='ocr_line' id='line_1_11' title="bbox 259 1179 1341 1264; baseline -0.001 -23"><span class='ocrx_word' id='word_1_85' title='bbox 259 1180 408 1241; x_wconf 83' lang='lat' dir='ltr'><strong>Sebwaru.</strong></span> <span class='ocrx_word' id='word_1_86' title='bbox 432 1180 493 1241; x_wconf 82' lang='lat' dir='ltr'><strong>Cic.</strong></span> <span class='ocrx_word' id='word_1_87' title='bbox 515 1181 613 1241; x_wconf 82' lang='lat' dir='ltr'><strong>Divin.</strong></span> <span class='ocrx_word' id='word_1_88' title='bbox 640 1180 674 1239; x_wconf 89' lang='lat' dir='ltr'><strong>in</strong></span> <span class='ocrx_word' id='word_1_89' title='bbox 693 1179 788 1241; x_wconf 68' lang='lat' dir='ltr'><strong>Caec.¹</strong></span> <span class='ocrx_word' id='word_1_90' title='bbox 802 1184 848 1240; x_wconf 92' lang='lat'><strong>11.</strong></span> <span class='ocrx_word' id='word_1_91' title='bbox 892 1180 989 1262; x_wconf 86' lang='lat' dir='ltr'><strong>Atque</strong></span> <span class='ocrx_word' id='word_1_92' title='bbox 1017 1202 1070 1256; x_wconf 71' lang='lat' dir='ltr'><strong>ego</strong></span> <span class='ocrx_word' id='word_1_93' title='bbox 1097 1184 1288 1264; x_wconf 83' lang='lat' dir='ltr'><strong>haee,·quae</strong></span> <span class='ocrx_word' id='word_1_94' title='bbox 1307 1187 1341 1240; x_wconf 89' lang='lat' dir='ltr'><strong>in</strong></span> 
     </span>
     <span class='ocr_line' id='line_1_12' title="bbox 260 1261 1340 1342; baseline 0.001 -22"><span class='ocrx_word' id='word_1_95' title='bbox 260 1262 358 1320; x_wconf 87' lang='lat' dir='ltr'><strong>medio</strong></span> <span class='ocrx_word' id='word_1_96' title='bbox 372 1266 473 1342; x_wconf 83' lang='lat' dir='ltr'><strong>posita</strong></span> <span class='ocrx_word' id='word_1_97' title='bbox 489 1261 572 1329; x_wconf 82' lang='lat' dir='ltr'><strong>sunt,</strong></span> <span class='ocrx_word' id='word_1_98' title='bbox 593 1283 796 1322; x_wconf 83' lang='lat' dir='ltr'><strong>commemoro.</strong></span> <span class='ocrx_word' id='word_1_99' title='bbox 830 1263 906 1320; x_wconf 90' lang='lat' dir='ltr'><strong>Sunt</strong></span> <span class='ocrx_word' id='word_1_100' title='bbox 925 1264 988 1321; x_wconf 88' lang='lat' dir='ltr'><strong>alia</strong></span> <span class='ocrx_word' id='word_1_101' title='bbox 999 1266 1105 1337; x_wconf 57' lang='lat' dir='ltr'><strong>⁴magis</strong></span> <span class='ocrx_word' id='word_1_102' title='bbox 1120 1261 1340 1340; x_wconf 85' lang='lat' dir='ltr'><strong>occultafurta.</strong></span> 
     </span>
     <span class='ocr_line' id='line_1_13' title="bbox 258 1342 1339 1422; baseline 0 -20"><span class='ocrx_word' id='word_1_103' title='bbox 258 1344 305 1403; x_wconf 85' lang='lat' dir='ltr'><strong>De</strong></span> <span class='ocrx_word' id='word_1_104' title='bbox 323 1343 406 1402; x_wconf 79' lang='lat' dir='ltr'><strong>Orat.</strong></span> <span class='ocrx_word' id='word_1_105' title='bbox 429 1344 452 1418; x_wconf 90' lang='lat' dir='ltr'><strong>l,</strong></span> <span class='ocrx_word' id='word_1_106' title='bbox 476 1349 506 1418; x_wconf 78' lang='lat'><strong>3,</strong></span> <span class='ocrx_word' id='word_1_107' title='bbox 528 1349 573 1402; x_wconf 86' lang='grc'><strong>12.</strong></span> <span class='ocrx_word' id='word_1_108' title='bbox 623 1342 712 1422; x_wconf 82' lang='lat' dir='ltr'><strong>Quod</strong></span> <span class='ocrx_word' id='word_1_109' title='bbox 737 1344 792 1402; x_wconf 84' lang='lat' dir='ltr'><strong>boe</strong></span> <span class='ocrx_word' id='word_1_110' title='bbox 817 1347 909 1401; x_wconf 88' lang='lat' dir='ltr'><strong>etiam</strong></span> <span class='ocrx_word' id='word_1_111' title='bbox 937 1344 1101 1402; x_wconf 86' lang='lat' dir='ltr'><strong>mirabilius</strong></span> <span class='ocrx_word' id='word_1_112' title='bbox 1124 1345 1209 1402; x_wconf 85' lang='lat' dir='ltr'><strong>delet</strong></span> <span class='ocrx_word' id='word_1_113' title='bbox 1235 1344 1339 1419; x_wconf 87' lang='lat' dir='ltr'><strong>oider&#39;i,</strong></span> 
     </span>
     <span class='ocr_line' id='line_1_14' title="bbox 257 1421 1341 1507; baseline 0.001 -25"><span class='ocrx_word' id='word_1_114' title='bbox 257 1427 328 1507; x_wconf 88' lang='lat' dir='ltr'><strong>quia</strong></span> <span class='ocrx_word' id='word_1_115' title='bbox 357 1422 520 1483; x_wconf 81' lang='lat' dir='ltr'><strong>ceterarum</strong></span> <span class='ocrx_word' id='word_1_116' title='bbox 550 1428 661 1483; x_wconf 75' lang='lat' dir='ltr'><strong>artium</strong></span> <span class='ocrx_word' id='word_1_117' title='bbox 688 1425 789 1483; x_wconf 85' lang='lat' dir='ltr'><strong>studia</strong></span> <span class='ocrx_word' id='word_1_118' title='bbox 807 1421 878 1501; x_wconf 84' lang='lat' dir='ltr'><strong>sere</strong></span> <span class='ocrx_word' id='word_1_119' title='bbox 896 1425 1055 1484; x_wconf 70' lang='lat' dir='ltr'><strong>reconditis</strong></span> <span class='ocrx_word' id='word_1_120' title='bbox 1077 1435 1164 1507; x_wconf 87' lang='lat' dir='ltr'><strong>atque</strong></span> <span class='ocrx_word' id='word_1_121' title='bbox 1182 1425 1302 1483; x_wconf 68' lang='lat' dir='ltr'><strong>¹eliditis</strong></span> <span class='ocrx_word' id='word_1_122' title='bbox 1322 1445 1341 1483; x_wconf 89' lang='lat' dir='ltr'><strong>e</strong></span> 
     </span>
     <span class='ocr_line' id='line_1_15' title="bbox 249 1502 1341 1587; baseline 0.002 -25"><span class='ocrx_word' id='word_1_123' title='bbox 249 1502 385 1583; x_wconf 79' lang='lat' dir='ltr'><strong>fhrdilus</strong></span> <span class='ocrx_word' id='word_1_124' title='bbox 401 1506 596 1576; x_wconf 77' lang='lat' dir='ltr'><strong>harrriuntur,</strong></span> <span class='ocrx_word' id='word_1_125' title='bbox 611 1506 733 1577; x_wconf 84' lang='lat' dir='ltr'><strong>dicendi</strong></span> <span class='ocrx_word' id='word_1_126' title='bbox 751 1515 850 1564; x_wconf 87' lang='lat' dir='ltr'><strong>autem</strong></span> <span class='ocrx_word' id='word_1_127' title='bbox 867 1509 961 1566; x_wconf 85' lang='lat' dir='ltr'><strong>omnis</strong></span> <span class='ocrx_word' id='word_1_128' title='bbox 980 1509 1061 1565; x_wconf 81' lang='lat' dir='ltr'><strong>ratio</strong></span> <span class='ocrx_word' id='word_1_129' title='bbox 1081 1506 1221 1564; x_wconf 67' lang='lat' dir='ltr'><strong>inmediri</strong></span> <span class='ocrx_word' id='word_1_130' title='bbox 1238 1510 1341 1587; x_wconf 78' lang='lat' dir='ltr'><strong>posr’ta</strong></span> 
     </span>
    </p>

    <p class='ocr_par' dir='ltr' id='par_1_6' title="bbox 183 1586 1340 1726">
     <span class='ocr_line' id='line_1_16' title="bbox 183 1586 1340 1668; baseline 0.002 -25"><span class='ocrx_word' id='word_1_131' title='bbox 183 1650 185 1655; x_wconf 52' lang='grc'><strong>,</strong></span> <span class='ocrx_word' id='word_1_132' title='bbox 259 1590 410 1647; x_wconf 80' lang='lat' dir='ltr'><strong>cornarani</strong></span> <span class='ocrx_word' id='word_1_133' title='bbox 427 1586 555 1668; x_wconf 87' lang='lat' dir='ltr'><strong>quodam</strong></span> <span class='ocrx_word' id='word_1_134' title='bbox 575 1591 606 1647; x_wconf 85' lang='lat' dir='ltr'><strong>in</strong></span> <span class='ocrx_word' id='word_1_135' title='bbox 629 1596 793 1668; x_wconf 78' lang='lat' dir='ltr'><strong>ruuntque</strong></span> <span class='ocrx_word' id='word_1_136' title='bbox 819 1591 850 1646; x_wconf 88' lang='lat' dir='ltr'><strong>in</strong></span> <span class='ocrx_word' id='word_1_137' title='bbox 867 1588 1017 1647; x_wconf 77' lang='lat' dir='ltr'><strong>hominum</strong></span> <span class='ocrx_word' id='word_1_138' title='bbox 1044 1606 1126 1647; x_wconf 85' lang='lat' dir='ltr'><strong>more</strong></span> <span class='ocrx_word' id='word_1_139' title='bbox 1148 1597 1177 1646; x_wconf 89' lang='lat' dir='ltr'><strong>et</strong></span> <span class='ocrx_word' id='word_1_140' title='bbox 1204 1607 1340 1647; x_wconf 85' lang='lat' dir='ltr'><strong>sermone</strong></span> 
     </span>
     <span class='ocr_line' id='line_1_17' title="bbox 258 1676 1089 1726; baseline 0 -2"><span class='ocrx_word' id='word_1_141' title='bbox 258 1676 402 1726; x_wconf 77' lang='lat' dir='ltr'><strong>versatur.</strong></span> <span class='ocrx_word' id='word_1_142' title='bbox 714 1710 717 1717; x_wconf 62' lang='grc'><strong>.</strong></span> <span class='ocrx_word' id='word_1_143' title='bbox 1085 1704 1089 1711; x_wconf 77' lang='lat'>-</span> 
     </span>
    </p>

    <p class='ocr_par' dir='ltr' id='par_1_7' title="bbox 248 1746 1389 3507">
     <span class='ocr_line' id='line_1_18' title="bbox 341 1746 1339 1830; baseline 0.003 -25"><span class='ocrx_word' id='word_1_144' title='bbox 341 1748 422 1806; x_wconf 84' lang='lat' dir='ltr'><strong>Sera</strong></span> <span class='ocrx_word' id='word_1_145' title='bbox 445 1746 578 1828; x_wconf 80' lang='lat' dir='ltr'><em>Galbae]</em></span> <span class='ocrx_word' id='word_1_146' title='bbox 621 1746 668 1809; x_wconf 69' lang='lat' dir='ltr'><strong>Cb</strong></span> <span class='ocrx_word' id='word_1_147' title='bbox 690 1748 769 1811; x_wconf 87' lang='lat' dir='ltr'><strong>Dial.</strong></span> <span class='ocrx_word' id='word_1_148' title='bbox 787 1754 838 1809; x_wconf 83' lang='lat'><strong>25.</strong></span> <span class='ocrx_word' id='word_1_149' title='bbox 877 1751 995 1811; x_wconf 82' lang='lat' dir='ltr'><strong>Seruius</strong></span> <span class='ocrx_word' id='word_1_150' title='bbox 1022 1752 1170 1830; x_wconf 79' lang='lat' dir='ltr'><em>Sulpicius</em></span> <span class='ocrx_word' id='word_1_151' title='bbox 1200 1749 1339 1809; x_wconf 81' lang='lat' dir='ltr'><em>Galbae</em></span> 
     </span>
     <span class='ocr_line' id='line_1_19' title="bbox 256 1825 1338 1910; baseline 0.001 -23"><span class='ocrx_word' id='word_1_152' title='bbox 256 1825 440 1889; x_wconf 84' lang='lat' dir='ltr'><strong>nobilissima</strong></span> <span class='ocrx_word' id='word_1_153' title='bbox 455 1839 543 1909; x_wconf 86' lang='lat' dir='ltr'><strong>gente</strong></span> <span class='ocrx_word' id='word_1_154' title='bbox 562 1828 705 1890; x_wconf 87' lang='lat' dir='ltr'><strong>oriundus</strong></span> <span class='ocrx_word' id='word_1_155' title='bbox 715 1856 728 1905; x_wconf 52' lang='lat'><strong>,&gt;</strong></span> <span class='ocrx_word' id='word_1_156' title='bbox 745 1842 912 1910; x_wconf 84' lang='lat' dir='ltr'><strong>temporam</strong></span> <span class='ocrx_word' id='word_1_157' title='bbox 927 1853 1050 1891; x_wconf 86' lang='lat' dir='ltr'><strong>suorum</strong></span> <span class='ocrx_word' id='word_1_158' title='bbox 1067 1830 1338 1910; x_wconf 87' lang='lat' dir='ltr'><strong>eloquentissimus,</strong></span> 
     </span>
     <span class='ocr_line' id='line_1_20' title="bbox 257 1909 1364 1991; baseline 0.002 -25"><span class='ocrx_word' id='word_1_159' title='bbox 257 1909 610 1989; x_wconf 78' lang='lat' dir='ltr'><strong>propraetorllispaniae</strong></span> <span class='ocrx_word' id='word_1_160' title='bbox 631 1914 699 1970; x_wconf 80' lang='lat'><strong>604.</strong></span> <span class='ocrx_word' id='word_1_161' title='bbox 721 1913 760 1969; x_wconf 88' lang='lat' dir='ltr'><strong>U.</strong></span> <span class='ocrx_word' id='word_1_162' title='bbox 780 1909 813 1971; x_wconf 93' lang='lat' dir='ltr'><strong>C.</strong></span> <span class='ocrx_word' id='word_1_163' title='bbox 836 1934 924 1991; x_wconf 90' lang='lat' dir='ltr'><strong>quum</strong></span> <span class='ocrx_word' id='word_1_164' title='bbox 945 1912 1171 1986; x_wconf 75' lang='lat' dir='ltr'><strong>Lusitanorum,</strong></span> <span class='ocrx_word' id='word_1_165' title='bbox 1194 1910 1337 1990; x_wconf 87' lang='lat' dir='ltr'><strong>aquibus</strong></span> <span class='ocrx_word' id='word_1_166' title='bbox 1360 1910 1364 1919; x_wconf 82' lang='grc'><em>“</em></span> 
     </span>
     <span class='ocr_line' id='line_1_21' title="bbox 256 1989 1338 2074; baseline 0.001 -27"><span class='ocrx_word' id='word_1_167' title='bbox 256 1989 384 2070; x_wconf 89' lang='lat' dir='ltr'><strong>primum</strong></span> <span class='ocrx_word' id='word_1_168' title='bbox 410 1990 491 2069; x_wconf 88' lang='lat' dir='ltr'><strong>turpi</strong></span> <span class='ocrx_word' id='word_1_169' title='bbox 511 1989 591 2050; x_wconf 88' lang='lat' dir='ltr'><strong>clade</strong></span> <span class='ocrx_word' id='word_1_170' title='bbox 610 1991 753 2067; x_wconf 83' lang='lat' dir='ltr'><strong>allectus,</strong></span> <span class='ocrx_word' id='word_1_171' title='bbox 781 1992 885 2052; x_wconf 88' lang='lat' dir='ltr'><strong>deinde</strong></span> <span class='ocrx_word' id='word_1_172' title='bbox 906 1994 941 2052; x_wconf 90' lang='lat' dir='ltr'><strong>ad</strong></span> <span class='ocrx_word' id='word_1_173' title='bbox 969 2015 1067 2074; x_wconf 81' lang='lat' dir='ltr'>pacem</span> <span class='ocrx_word' id='word_1_174' title='bbox 1087 1993 1244 2055; x_wconf 79' lang='lat' dir='ltr'><strong>faciendam</strong></span> <span class='ocrx_word' id='word_1_175' title='bbox 1264 2010 1338 2071; x_wconf 86' lang='lat' dir='ltr'><strong>pro-</strong></span> 
     </span>
     <span class='ocr_line' id='line_1_22' title="bbox 256 2072 1338 2155; baseline 0 -25"><span class='ocrx_word' id='word_1_176' title='bbox 256 2080 378 2130; x_wconf 82' lang='lat' dir='ltr'><strong>vocatus</strong></span> <span class='ocrx_word' id='word_1_177' title='bbox 401 2083 497 2145; x_wconf 79' lang='lat' dir='ltr'><strong>esset,</strong></span> <span class='ocrx_word' id='word_1_178' title='bbox 526 2092 633 2131; x_wconf 87' lang='lat' dir='ltr'><strong>novem</strong></span> <span class='ocrx_word' id='word_1_179' title='bbox 659 2072 707 2133; x_wconf 86' lang='lat' dir='ltr'><strong>vel</strong></span> <span class='ocrx_word' id='word_1_180' title='bbox 735 2072 807 2132; x_wconf 89' lang='lat' dir='ltr'><strong>adeo</strong></span> <span class='ocrx_word' id='word_1_181' title='bbox 828 2073 948 2155; x_wconf 80' lang='lat' dir='ltr'><strong>triginta</strong></span> <span class='ocrx_word' id='word_1_182' title='bbox 976 2075 1065 2135; x_wconf 88' lang='lat' dir='ltr'><strong>millia</strong></span> <span class='ocrx_word' id='word_1_183' title='bbox 1085 2094 1196 2133; x_wconf 85' lang='lat' dir='ltr'><strong>summa</strong></span> <span class='ocrx_word' id='word_1_184' title='bbox 1215 2072 1338 2153; x_wconf 89' lang='lat' dir='ltr'><strong>perfidia</strong></span> 
     </span>
     <span class='ocr_line' id='line_1_23' title="bbox 256 2150 1389 2232; baseline 0.003 -24"><span class='ocrx_word' id='word_1_185' title='bbox 256 2150 435 2213; x_wconf 75' lang='lat' dir='ltr'><strong>trucidasset</strong></span> <span class='ocrx_word' id='word_1_186' title='bbox 463 2152 653 2232; x_wconf 87' lang='lat' dir='ltr'><strong>reliquosque</strong></span> <span class='ocrx_word' id='word_1_187' title='bbox 681 2156 784 2215; x_wconf 73' lang='lat' dir='ltr'><strong>serios</strong></span> <span class='ocrx_word' id='word_1_188' title='bbox 813 2152 843 2212; x_wconf 88' lang='lat' dir='ltr'><strong>in</strong></span> <span class='ocrx_word' id='word_1_189' title='bbox 873 2154 997 2214; x_wconf 86' lang='lat' dir='ltr'><strong>Galliam</strong></span> <span class='ocrx_word' id='word_1_190' title='bbox 1023 2154 1221 2229; x_wconf 82' lang='lat' dir='ltr'><strong>vendidisset,</strong></span> <span class='ocrx_word' id='word_1_191' title='bbox 1251 2175 1275 2212; x_wconf 90' lang='lat' dir='ltr'><strong>a.</strong></span> <span class='ocrx_word' id='word_1_192' title='bbox 1302 2152 1338 2211; x_wconf 87' lang='lat' dir='ltr'><strong>L.</strong></span> <span class='ocrx_word' id='word_1_193' title='bbox 1385 2190 1389 2197; x_wconf 93' lang='lat'>-</span> 
     </span>
     <span class='ocr_line' id='line_1_24' title="bbox 256 2231 1338 2315; baseline 0.002 -25"><span class='ocrx_word' id='word_1_194' title='bbox 256 2231 415 2291; x_wconf 87' lang='lat' dir='ltr'><strong>Scribonio</strong></span> <span class='ocrx_word' id='word_1_195' title='bbox 431 2232 544 2313; x_wconf 85' lang='lat' dir='ltr'><strong>Libone</strong></span> <span class='ocrx_word' id='word_1_196' title='bbox 563 2234 632 2294; x_wconf 87' lang='lat' dir='ltr'><strong>trib.</strong></span> <span class='ocrx_word' id='word_1_197' title='bbox 654 2234 693 2314; x_wconf 91' lang='lat' dir='ltr'><strong>pl.</strong></span> <span class='ocrx_word' id='word_1_198' title='bbox 712 2246 742 2294; x_wconf 88' lang='lat' dir='ltr'><strong>et</strong></span> <span class='ocrx_word' id='word_1_199' title='bbox 763 2236 840 2315; x_wconf 87' lang='lat' dir='ltr'><strong>aM.</strong></span> <span class='ocrx_word' id='word_1_200' title='bbox 862 2233 975 2295; x_wconf 89' lang='lat' dir='ltr'><strong>Catone</strong></span> <span class='ocrx_word' id='word_1_201' title='bbox 991 2234 1078 2296; x_wconf 88' lang='lat' dir='ltr'><strong>Ceus.</strong></span> <span class='ocrx_word' id='word_1_202' title='bbox 1095 2236 1235 2295; x_wconf 84' lang='lat' dir='ltr'><strong>acerrime</strong></span> <span class='ocrx_word' id='word_1_203' title='bbox 1251 2255 1338 2293; x_wconf 88' lang='lat' dir='ltr'><strong>accu-</strong></span> 
     </span>
     <span class='ocr_line' id='line_1_25' title="bbox 256 2313 1337 2385; baseline 0.002 -15"><span class='ocrx_word' id='word_1_204' title='bbox 256 2324 336 2370; x_wconf 87' lang='lat' dir='ltr'><strong>satus</strong></span> <span class='ocrx_word' id='word_1_205' title='bbox 359 2325 389 2372; x_wconf 88' lang='lat' dir='ltr'><strong>ct</strong></span> <span class='ocrx_word' id='word_1_206' title='bbox 409 2313 561 2373; x_wconf 89' lang='lat' dir='ltr'><strong>absolutus</strong></span> <span class='ocrx_word' id='word_1_207' title='bbox 582 2320 651 2374; x_wconf 88' lang='grc'><strong>610.</strong></span> <span class='ocrx_word' id='word_1_208' title='bbox 672 2318 711 2373; x_wconf 91' lang='lat' dir='ltr'><strong>U.</strong></span> <span class='ocrx_word' id='word_1_209' title='bbox 734 2314 768 2376; x_wconf 90' lang='lat' dir='ltr'><strong>C.</strong></span> <span class='ocrx_word' id='word_1_210' title='bbox 790 2316 894 2375; x_wconf 91' lang='lat' dir='ltr'><strong>consul</strong></span> <span class='ocrx_word' id='word_1_211' title='bbox 914 2317 1006 2377; x_wconf 89' lang='lat' dir='ltr'><strong>factus</strong></span> <span class='ocrx_word' id='word_1_212' title='bbox 1029 2328 1082 2377; x_wconf 87' lang='lat' dir='ltr'><strong>est.</strong></span> <span class='ocrx_word' id='word_1_213' title='bbox 1132 2314 1177 2379; x_wconf 80' lang='lat' dir='ltr'><strong>Cf.</strong></span> <span class='ocrx_word' id='word_1_214' title='bbox 1197 2316 1278 2385; x_wconf 64' lang='lat' dir='ltr'><strong>U.,1.</strong></span> <span class='ocrx_word' id='word_1_215' title='bbox 1299 2315 1337 2372; x_wconf 89' lang='lat' dir='ltr'><strong>H.</strong></span> 
     </span>
     <span class='ocr_line' id='line_1_26' title="bbox 253 2390 1337 2478; baseline 0.003 -27"><span class='ocrx_word' id='word_1_216' title='bbox 253 2390 368 2459; x_wconf 80' lang='lat' dir='ltr'><strong>Becker</strong></span> <span class='ocrx_word' id='word_1_217' title='bbox 391 2394 508 2455; x_wconf 86' lang='lat' dir='ltr'><strong>Viriath</strong></span> <span class='ocrx_word' id='word_1_218' title='bbox 528 2417 557 2453; x_wconf 91' lang='lat' dir='ltr'><strong>u.</strong></span> <span class='ocrx_word' id='word_1_219' title='bbox 579 2395 626 2456; x_wconf 82' lang='lat' dir='ltr'><strong>die</strong></span> <span class='ocrx_word' id='word_1_220' title='bbox 647 2395 813 2456; x_wconf 73' lang='lat' dir='ltr'><strong>Lusitaniae</strong></span> <span class='ocrx_word' id='word_1_221' title='bbox 841 2415 869 2474; x_wconf 79' lang='lat' dir='ltr'><strong>p.</strong></span> <span class='ocrx_word' id='word_1_222' title='bbox 893 2401 929 2456; x_wconf 86' lang='lat'><strong>15</strong></span> <span class='ocrx_word' id='word_1_223' title='bbox 953 2420 995 2478; x_wconf 91' lang='lat' dir='ltr'><strong>sq.</strong></span> <span class='ocrx_word' id='word_1_224' title='bbox 1017 2410 1047 2457; x_wconf 87' lang='lat' dir='ltr'><strong>et</strong></span> <span class='ocrx_word' id='word_1_225' title='bbox 1066 2400 1104 2456; x_wconf 87' lang='grc'><strong>96</strong></span> <span class='ocrx_word' id='word_1_226' title='bbox 1128 2418 1172 2475; x_wconf 88' lang='lat' dir='ltr'><strong>sq.</strong></span> <span class='ocrx_word' id='word_1_227' title='bbox 1212 2394 1337 2455; x_wconf 86' lang='lat' dir='ltr'><strong>Causam</strong></span> 
     </span>
     <span class='ocr_line' id='line_1_27' title="bbox 253 2473 1337 2558; baseline 0 -26"><span class='ocrx_word' id='word_1_228' title='bbox 253 2473 314 2556; x_wconf 81' lang='lat' dir='ltr'><strong>egit</strong></span> <span class='ocrx_word' id='word_1_229' title='bbox 334 2493 390 2554; x_wconf 85' lang='lat' dir='ltr'><strong>pro</strong></span> <span class='ocrx_word' id='word_1_230' title='bbox 412 2473 573 2552; x_wconf 83' lang='lat' dir='ltr'><strong>publicanis</strong></span> <span class='ocrx_word' id='word_1_231' title='bbox 595 2481 663 2537; x_wconf 92' lang='grc'><strong>616.</strong></span> <span class='ocrx_word' id='word_1_232' title='bbox 686 2478 724 2535; x_wconf 93' lang='lat' dir='ltr'><strong>U.</strong></span> <span class='ocrx_word' id='word_1_233' title='bbox 739 2476 774 2538; x_wconf 87' lang='lat' dir='ltr'><strong>C.</strong></span> <span class='ocrx_word' id='word_1_234' title='bbox 814 2477 1011 2557; x_wconf 86' lang='lat' dir='ltr'><strong>Temporibus</strong></span> <span class='ocrx_word' id='word_1_235' title='bbox 1029 2476 1104 2537; x_wconf 90' lang='lat' dir='ltr'><strong>Livii</strong></span> <span class='ocrx_word' id='word_1_236' title='bbox 1125 2476 1268 2558; x_wconf 83' lang='lat' dir='ltr'><strong>(Epitom.</strong></span> <span class='ocrx_word' id='word_1_237' title='bbox 1285 2474 1337 2534; x_wconf 74' lang='lat' dir='ltr'><strong>tib:</strong></span> 
     </span>
     <span class='ocr_line' id='line_1_28' title="bbox 254 2553 1339 2633; baseline 0.001 -20"><span class='ocrx_word' id='word_1_238' title='bbox 254 2553 311 2633; x_wconf 83' lang='lat'><strong>49)</strong></span> <span class='ocrx_word' id='word_1_239' title='bbox 337 2555 488 2614; x_wconf 79' lang='lat' dir='ltr'><strong>exstabant</strong></span> <span class='ocrx_word' id='word_1_240' title='bbox 518 2554 581 2615; x_wconf 83' lang='lat' dir='ltr'><strong>eius</strong></span> <span class='ocrx_word' id='word_1_241' title='bbox 610 2568 671 2616; x_wconf 88' lang='lat' dir='ltr'><strong>tres</strong></span> <span class='ocrx_word' id='word_1_242' title='bbox 701 2557 859 2616; x_wconf 86' lang='lat' dir='ltr'><strong>orationes.</strong></span> <span class='ocrx_word' id='word_1_243' title='bbox 909 2557 970 2619; x_wconf 91' lang='lat' dir='ltr'><strong>Cic.</strong></span> <span class='ocrx_word' id='word_1_244' title='bbox 1001 2560 1085 2617; x_wconf 84' lang='lat' dir='ltr'><strong>Brut.</strong></span> <span class='ocrx_word' id='word_1_245' title='bbox 1107 2564 1157 2633; x_wconf 89' lang='grc'><strong>21,</strong></span> <span class='ocrx_word' id='word_1_246' title='bbox 1180 2563 1228 2616; x_wconf 86' lang='grc'><strong>82.</strong></span> <span class='ocrx_word' id='word_1_247' title='bbox 1276 2555 1339 2615; x_wconf 89' lang='lat' dir='ltr'><strong>Sed</strong></span> 
     </span>
     <span class='ocr_line' id='line_1_29' title="bbox 253 2635 1337 2716; baseline 0.002 -24"><span class='ocrx_word' id='word_1_248' title='bbox 253 2637 330 2695; x_wconf 85' lang='lat' dir='ltr'><strong>inter</strong></span> <span class='ocrx_word' id='word_1_249' title='bbox 350 2635 404 2695; x_wconf 81' lang='lat' dir='ltr'><strong>lros</strong></span> <span class='ocrx_word' id='word_1_250' title='bbox 425 2645 526 2697; x_wconf 90' lang='lat' dir='ltr'><strong>aetate</strong></span> <span class='ocrx_word' id='word_1_251' title='bbox 543 2637 666 2716; x_wconf 86' lang='lat' dir='ltr'><strong>paulum</strong></span> <span class='ocrx_word' id='word_1_252' title='bbox 687 2637 733 2696; x_wconf 81' lang='lat' dir='ltr'><strong>leis</strong></span> <span class='ocrx_word' id='word_1_253' title='bbox 757 2638 932 2698; x_wconf 82' lang='lat' dir='ltr'><strong>antecedens</strong></span> <span class='ocrx_word' id='word_1_254' title='bbox 959 2640 1022 2698; x_wconf 87' lang='lat' dir='ltr'><strong>sine</strong></span> <span class='ocrx_word' id='word_1_255' title='bbox 1043 2639 1130 2698; x_wconf 86' lang='lat' dir='ltr'><strong>dubio</strong></span> <span class='ocrx_word' id='word_1_256' title='bbox 1151 2640 1214 2697; x_wconf 87' lang='lat' dir='ltr'><strong>Ser.</strong></span> <span class='ocrx_word' id='word_1_257' title='bbox 1237 2637 1337 2696; x_wconf 83' lang='lat' dir='ltr'><strong>Galla</strong></span> 
     </span>
     <span class='ocr_line' id='line_1_30' title="bbox 253 2716 1337 2801; baseline 0.001 -28"><span class='ocrx_word' id='word_1_258' title='bbox 253 2716 419 2800; x_wconf 77' lang='lat' dir='ltr'><strong>eloquentia</strong></span> <span class='ocrx_word' id='word_1_259' title='bbox 445 2720 615 2797; x_wconf 73' lang='lat' dir='ltr'><strong>praestitit5</strong></span> <span class='ocrx_word' id='word_1_260' title='bbox 645 2728 675 2777; x_wconf 91' lang='lat' dir='ltr'><strong>et</strong></span> <span class='ocrx_word' id='word_1_261' title='bbox 697 2722 835 2785; x_wconf 85' lang='lat' dir='ltr'><strong>nimirum</strong></span> <span class='ocrx_word' id='word_1_262' title='bbox 857 2716 1049 2801; x_wconf 72' lang='lat' dir='ltr'><strong>is&#39;prineeps</strong></span> <span class='ocrx_word' id='word_1_263' title='bbox 1075 2741 1113 2778; x_wconf 83' lang='lat' dir='ltr'><strong>eo·</strong></span> <span class='ocrx_word' id='word_1_264' title='bbox 1143 2719 1259 2779; x_wconf 87' lang='lat' dir='ltr'><strong>Latinis</strong></span> <span class='ocrx_word' id='word_1_265' title='bbox 1282 2718 1337 2775; x_wconf 82' lang='lat' dir='ltr'><strong>illa</strong></span> 
     </span>
     <span class='ocr_line' id='line_1_31' title="bbox 253 2800 1337 2883; baseline 0.003 -30"><span class='ocrx_word' id='word_1_266' title='bbox 253 2806 406 2865; x_wconf 84' lang='lat' dir='ltr'><strong>oratorum</strong></span> <span class='ocrx_word' id='word_1_267' title='bbox 425 2800 550 2877; x_wconf 85' lang='lat' dir='ltr'><strong>propria</strong></span> <span class='ocrx_word' id='word_1_268' title='bbox 572 2808 601 2856; x_wconf 89' lang='lat' dir='ltr'><strong>et</strong></span> <span class='ocrx_word' id='word_1_269' title='bbox 619 2803 707 2881; x_wconf 81' lang='lat' dir='ltr'><strong>quasi</strong></span> <span class='ocrx_word' id='word_1_270' title='bbox 733 2801 866 2874; x_wconf 71' lang='lat' dir='ltr'><strong>legitima</strong></span> <span class='ocrx_word' id='word_1_271' title='bbox 893 2822 984 2883; x_wconf 88' lang='lat' dir='ltr'><strong>opera</strong></span> <span class='ocrx_word' id='word_1_272' title='bbox 1013 2806 1232 2873; x_wconf 61' lang='lat' dir='ltr'><strong>tractaritjut</strong></span> <span class='ocrx_word' id='word_1_273' title='bbox 1251 2819 1337 2874; x_wconf 72' lang='lat' dir='ltr'><strong>egre-</strong></span> 
     </span>
     <span class='ocr_line' id='line_1_32' title="bbox 252 2874 1338 2957; baseline 0.002 -22"><span class='ocrx_word' id='word_1_274' title='bbox 252 2874 373 2936; x_wconf 81' lang='lat' dir='ltr'><strong>deretur</strong></span> <span class='ocrx_word' id='word_1_275' title='bbox 393 2897 414 2934; x_wconf 92' lang='lat' dir='ltr'><strong>a</strong></span> <span class='ocrx_word' id='word_1_276' title='bbox 431 2882 582 2957; x_wconf 87' lang='lat' dir='ltr'><strong>proposito</strong></span> <span class='ocrx_word' id='word_1_277' title='bbox 612 2880 740 2939; x_wconf 89' lang='lat' dir='ltr'><strong>ornandi</strong></span> <span class='ocrx_word' id='word_1_278' title='bbox 765 2901 875 2955; x_wconf 88' lang='lat' dir='ltr'><strong>eausa,</strong></span> <span class='ocrx_word' id='word_1_279' title='bbox 906 2892 939 2940; x_wconf 90' lang='lat' dir='ltr'><strong>ut</strong></span> <span class='ocrx_word' id='word_1_280' title='bbox 966 2882 1125 2943; x_wconf 85' lang='lat' dir='ltr'><strong>delectaret</strong></span> <span class='ocrx_word' id='word_1_281' title='bbox 1145 2885 1275 2954; x_wconf 86' lang='lat' dir='ltr'><strong>animos,</strong></span> <span class='ocrx_word' id='word_1_282' title='bbox 1304 2887 1338 2938; x_wconf 92' lang='lat' dir='ltr'><strong>ut</strong></span> 
     </span>
     <span class='ocr_line' id='line_1_33' title="bbox 249 2959 1374 3040; baseline 0.003 -26"><span class='ocrx_word' id='word_1_283' title='bbox 249 2968 448 3040; x_wconf 74' lang='lat' dir='ltr'><strong>permoveret,</strong></span> <span class='ocrx_word' id='word_1_284' title='bbox 470 2969 502 3017; x_wconf 91' lang='lat' dir='ltr'><strong>ut</strong></span> <span class='ocrx_word' id='word_1_285' title='bbox 522 2971 645 3033; x_wconf 75' lang='lat' dir='ltr'><strong>augeret</strong></span> <span class='ocrx_word' id='word_1_286' title='bbox 666 2981 745 3035; x_wconf 88' lang='lat' dir='ltr'><strong>rem,</strong></span> <span class='ocrx_word' id='word_1_287' title='bbox 767 2971 798 3020; x_wconf 94' lang='lat' dir='ltr'><strong>ut</strong></span> <span class='ocrx_word' id='word_1_288' title='bbox 815 2965 1065 3035; x_wconf 80' lang='lat' dir='ltr'><strong>miserationibus,</strong></span> <span class='ocrx_word' id='word_1_289' title='bbox 1087 2972 1118 3023; x_wconf 91' lang='lat' dir='ltr'><strong>ut</strong></span> <span class='ocrx_word' id='word_1_290' title='bbox 1136 2959 1337 3021; x_wconf 81' lang='lat' dir='ltr'><strong>communibus</strong></span> <span class='ocrx_word' id='word_1_291' title='bbox 1369 2972 1374 2981; x_wconf 84' lang='lat'>&#39;</span> 
     </span>
     <span class='ocr_line' id='line_1_34' title="bbox 252 3038 1337 3127; baseline 0.001 -31"><span class='ocrx_word' id='word_1_292' title='bbox 252 3038 325 3101; x_wconf 83' lang='lat' dir='ltr'><strong>loeis</strong></span> <span class='ocrx_word' id='word_1_293' title='bbox 348 3048 488 3101; x_wconf 88' lang='lat' dir='ltr'><strong>uteretur.</strong></span> <span class='ocrx_word' id='word_1_294' title='bbox 530 3040 592 3099; x_wconf 86' lang='lat' dir='ltr'><strong>Sed</strong></span> <span class='ocrx_word' id='word_1_295' title='bbox 617 3045 716 3101; x_wconf 84' lang='lat' dir='ltr'><strong>neseio</strong></span> <span class='ocrx_word' id='word_1_296' title='bbox 739 3042 884 3124; x_wconf 89' lang='lat' dir='ltr'><strong>quomodo</strong></span> <span class='ocrx_word' id='word_1_297' title='bbox 912 3065 994 3127; x_wconf 91' lang='lat' dir='ltr'><strong>quem</strong></span> <span class='ocrx_word' id='word_1_298' title='bbox 1026 3053 1143 3103; x_wconf 86' lang='lat' dir='ltr'><strong>constat</strong></span> <span class='ocrx_word' id='word_1_299' title='bbox 1172 3043 1337 3125; x_wconf 82' lang='lat' dir='ltr'><strong>eloquentia</strong></span> 
     </span>
     <span class='ocr_line' id='line_1_35' title="bbox 249 3118 1336 3201; baseline 0.003 -25"><span class='ocrx_word' id='word_1_300' title='bbox 249 3123 451 3201; x_wconf 73' lang='lat' dir='ltr'><strong>praestitbse,</strong></span> <span class='ocrx_word' id='word_1_301' title='bbox 482 3122 621 3187; x_wconf 81' lang='lat' dir='ltr'><strong>exiliores</strong></span> <span class='ocrx_word' id='word_1_302' title='bbox 648 3118 791 3182; x_wconf 84' lang='lat' dir='ltr'><strong>orationis</strong></span> <span class='ocrx_word' id='word_1_303' title='bbox 811 3134 879 3187; x_wconf 87' lang='lat' dir='ltr'><strong>sunt</strong></span> <span class='ocrx_word' id='word_1_304' title='bbox 899 3136 928 3183; x_wconf 89' lang='lat' dir='ltr'><strong>et</strong></span> <span class='ocrx_word' id='word_1_305' title='bbox 947 3124 1111 3191; x_wconf 77' lang='lat' dir='ltr'><strong>redolentes</strong></span> <span class='ocrx_word' id='word_1_306' title='bbox 1139 3127 1236 3198; x_wconf 72' lang='lat' dir='ltr'><strong>magis</strong></span> <span class='ocrx_word' id='word_1_307' title='bbox 1255 3122 1336 3180; x_wconf 65' lang='lat' dir='ltr'><strong>antiss</strong></span> 
     </span>
     <span class='ocr_line' id='line_1_36' title="bbox 250 3202 1335 3286; baseline 0.004 -29"><span class='ocrx_word' id='word_1_308' title='bbox 250 3203 391 3285; x_wconf 83' lang='lat' dir='ltr'><strong>quitatem</strong></span> <span class='ocrx_word' id='word_1_309' title='bbox 413 3219 501 3279; x_wconf 85' lang='lat' dir='ltr'><strong>quam</strong></span> <span class='ocrx_word' id='word_1_310' title='bbox 523 3213 577 3262; x_wconf 91' lang='lat' dir='ltr'><strong>aut</strong></span> <span class='ocrx_word' id='word_1_311' title='bbox 596 3202 696 3266; x_wconf 84' lang='lat' dir='ltr'><strong>Luelii</strong></span> <span class='ocrx_word' id='word_1_312' title='bbox 710 3214 764 3266; x_wconf 90' lang='lat' dir='ltr'><strong>aut</strong></span> <span class='ocrx_word' id='word_1_313' title='bbox 785 3205 926 3286; x_wconf 76' lang='lat' dir='ltr'><strong>Scipionis</strong></span> <span class='ocrx_word' id='word_1_314' title='bbox 950 3210 1113 3271; x_wconf 86' lang='lat' dir='ltr'><strong>autetiam</strong></span> <span class='ocrx_word' id='word_1_315' title='bbox 1136 3208 1227 3284; x_wconf 86' lang='lat' dir='ltr'><strong>ipsius</strong></span> <span class='ocrx_word' id='word_1_316' title='bbox 1244 3202 1335 3262; x_wconf 87' lang='lat' dir='ltr'><strong>Cato-</strong></span> 
     </span>
     <span class='ocr_line' id='line_1_37' title="bbox 250 3282 1336 3368; baseline 0.006 -32"><span class='ocrx_word' id='word_1_317' title='bbox 250 3282 314 3347; x_wconf 69' lang='lat' dir='ltr'><strong>nist</strong></span> <span class='ocrx_word' id='word_1_318' title='bbox 334 3284 434 3368; x_wconf 83' lang='lat' dir='ltr'><strong>itaque</strong></span> <span class='ocrx_word' id='word_1_319' title='bbox 456 3294 645 3356; x_wconf 75' lang='lat' dir='ltr'><strong>evanuerunt,</strong></span> <span class='ocrx_word' id='word_1_320' title='bbox 666 3288 714 3344; x_wconf 77' lang='lat' dir='ltr'><strong>oie</strong></span> <span class='ocrx_word' id='word_1_321' title='bbox 731 3290 792 3350; x_wconf 89' lang='lat' dir='ltr'><strong>iarn</strong></span> <span class='ocrx_word' id='word_1_322' title='bbox 807 3296 839 3345; x_wconf 93' lang='lat' dir='ltr'><strong>ut</strong></span> <span class='ocrx_word' id='word_1_323' title='bbox 854 3297 1027 3368; x_wconf 80' lang='lat' dir='ltr'><strong>appareant.</strong></span> <span class='ocrx_word' id='word_1_324' title='bbox 1053 3284 1097 3347; x_wconf 87' lang='lat' dir='ltr'><strong>Cf.</strong></span> <span class='ocrx_word' id='word_1_325' title='bbox 1114 3285 1239 3345; x_wconf 84' lang='lat' dir='ltr'><strong>Ellendt.</strong></span> <span class='ocrx_word' id='word_1_326' title='bbox 1258 3284 1336 3344; x_wconf 88' lang='lat' dir='ltr'><strong>Pro-</strong></span> 
     </span>
     <span class='ocr_line' id='line_1_38' title="bbox 248 3357 1335 3502; baseline -0.002 -78"><span class='ocrx_word' id='word_1_327' title='bbox 248 3357 327 3500; x_wconf 60' lang='grc' dir='ltr'><strong>111ςέ-</strong></span> <span class='ocrx_word' id='word_1_328' title='bbox 348 3382 376 3441; x_wconf 86' lang='lat' dir='ltr'><strong>p.</strong></span> <span class='ocrx_word' id='word_1_329' title='bbox 396 3361 496 3502; x_wconf 62' lang='lat' dir='ltr'><strong>{le</strong></span> <span class='ocrx_word' id='word_1_330' title='bbox 518 3385 562 3447; x_wconf 90' lang='lat' dir='ltr'><strong>sq.</strong></span> <span class='ocrx_word' id='word_1_331' title='bbox 584 3365 698 3453; x_wconf 75' lang='lat' dir='ltr'><strong>Meyer.</strong></span> <span class='ocrx_word' id='word_1_332' title='bbox 718 3366 820 3451; x_wconf 80' lang='lat' dir='ltr'><strong>fragm,</strong></span> <span class='ocrx_word' id='word_1_333' title='bbox 842 3388 870 3447; x_wconf 85' lang='lat' dir='ltr'><strong>p.</strong></span> <span class='ocrx_word' id='word_1_334' title='bbox 894 3372 962 3432; x_wconf 86' lang='grc'><strong>166.</strong></span> <span class='ocrx_word' id='word_1_335' title='bbox 989 3370 1156 3442; x_wconf 79' lang='lat' dir='ltr'><strong>Wcsterm.</strong></span> <span class='ocrx_word' id='word_1_336' title='bbox 1178 3361 1286 3453; x_wconf 68' lang='lat' dir='ltr'><strong>(iasab.</strong></span> <span class='ocrx_word' id='word_1_337' title='bbox 1307 3363 1335 3424; x_wconf 88' lang='lat' dir='ltr'><strong>d.</strong></span> 
     </span>
     <span class='ocr_line' id='line_1_39' title="bbox 251 3462 453 3507; baseline 0.015 -8"><span class='ocrx_word' id='word_1_338' title='bbox 251 3462 277 3507; x_wconf 77' lang='lat' dir='ltr'><strong>r,</strong></span> <span class='ocrx_word' id='word_1_339' title='bbox 324 3487 331 3505; x_wconf 88' lang='lat'><strong>.</strong></span> <span class='ocrx_word' id='word_1_340' title='bbox 376 3487 382 3500; x_wconf 96' lang='lat'><strong>.</strong></span> <span class='ocrx_word' id='word_1_341' title='bbox 446 3487 453 3502; x_wconf 97' lang='lat'><strong>.</strong></span> 
     </span>
    </p>

    <p class='ocr_par' dir='ltr' id='par_1_8' title="bbox 338 3441 1337 3624">
     <span class='ocr_line' id='line_1_40' title="bbox 338 3441 1337 3624; baseline 0.002 -43"><span class='ocrx_word' id='word_1_342' title='bbox 338 3441 393 3582; x_wconf 74' lang='lat' dir='ltr'><strong>iit</strong></span> <span class='ocrx_word' id='word_1_343' title='bbox 421 3522 453 3581; x_wconf 84' lang='lat' dir='ltr'><strong>C.</strong></span> <span class='ocrx_word' id='word_1_344' title='bbox 474 3521 626 3603; x_wconf 65' lang='lat' dir='ltr'><strong>Carboni}</strong></span> <span class='ocrx_word' id='word_1_345' title='bbox 654 3536 708 3591; x_wconf 85' lang='lat' dir='ltr'><strong>aut</strong></span> <span class='ocrx_word' id='word_1_346' title='bbox 734 3524 845 3588; x_wconf 88' lang='lat' dir='ltr'><strong>eCod.</strong></span> <span class='ocrx_word' id='word_1_347' title='bbox 873 3529 959 3590; x_wconf 81' lang='lat' dir='ltr'><strong>Facu.</strong></span> <span class='ocrx_word' id='word_1_348' title='bbox 986 3531 1098 3612; x_wconf 81' lang='lat' dir='ltr'><strong>primm</strong></span> <span class='ocrx_word' id='word_1_349' title='bbox 1126 3527 1237 3624; x_wconf 86' lang='lat' dir='ltr'><strong>recepit</strong></span> <span class='ocrx_word' id='word_1_350' title='bbox 1260 3526 1337 3587; x_wconf 83' lang='lat' dir='ltr'><strong>Ritt.</strong></span> 
     </span>
    </p>

    <p class='ocr_par' dir='ltr' id='par_1_9' title="bbox 251 3601 1337 3852">
     <span class='ocr_line' id='line_1_41' title="bbox 253 3601 1337 3692; baseline 0.004 -31"><span class='ocrx_word' id='word_1_351' title='bbox 253 3601 316 3662; x_wconf 84' lang='lat' dir='ltr'><strong>lam</strong></span> <span class='ocrx_word' id='word_1_352' title='bbox 338 3604 570 3671; x_wconf 87' lang='lat' dir='ltr'><strong>commendatum</strong></span> <span class='ocrx_word' id='word_1_353' title='bbox 588 3605 620 3665; x_wconf 90' lang='lat' dir='ltr'><strong>in</strong></span> <span class='ocrx_word' id='word_1_354' title='bbox 645 3618 744 3667; x_wconf 91' lang='lat' dir='ltr'><strong>annot.</strong></span> <span class='ocrx_word' id='word_1_355' title='bbox 765 3608 800 3667; x_wconf 91' lang='lat' dir='ltr'><strong>ab</strong></span> <span class='ocrx_word' id='word_1_356' title='bbox 818 3609 984 3687; x_wconf 68' lang='lat' dir='ltr'><strong>aetnam,</strong></span> <span class='ocrx_word' id='word_1_357' title='bbox 1011 3632 1101 3692; x_wconf 87' lang='lat' dir='ltr'><strong>quum</strong></span> <span class='ocrx_word' id='word_1_358' title='bbox 1125 3628 1239 3688; x_wconf 79' lang='lat' dir='ltr'><strong>saepius</strong></span> <span class='ocrx_word' id='word_1_359' title='bbox 1260 3606 1337 3681; x_wconf 86' lang='lat' dir='ltr'><strong>scri-</strong></span> 
     </span>
     <span class='ocr_line' id='line_1_42' title="bbox 251 3685 1334 3774; baseline 0.005 -34"><span class='ocrx_word' id='word_1_360' title='bbox 251 3693 355 3773; x_wconf 80' lang='lat' dir='ltr'><strong>ptores</strong></span> <span class='ocrx_word' id='word_1_361' title='bbox 377 3705 410 3744; x_wconf 87' lang='lat' dir='ltr'><strong>ea</strong></span> <span class='ocrx_word' id='word_1_362' title='bbox 434 3685 576 3765; x_wconf 87' lang='lat' dir='ltr'><strong>particula</strong></span> <span class='ocrx_word' id='word_1_363' title='bbox 597 3686 645 3747; x_wconf 89' lang='lat' dir='ltr'><strong>usl</strong></span> <span class='ocrx_word' id='word_1_364' title='bbox 666 3687 726 3747; x_wconf 82' lang='lat' dir='ltr'><strong>sint</strong></span> <span class='ocrx_word' id='word_1_365' title='bbox 753 3690 788 3749; x_wconf 87' lang='lat' dir='ltr'><strong>ad</strong></span> <span class='ocrx_word' id='word_1_366' title='bbox 810 3691 1027 3774; x_wconf 83' lang='lat' dir='ltr'><strong>coniungendas</strong></span> <span class='ocrx_word' id='word_1_367' title='bbox 1057 3689 1203 3750; x_wconf 87' lang='lat' dir='ltr'><strong>enunciatl</strong></span> <span class='ocrx_word' id='word_1_368' title='bbox 1224 3697 1334 3766; x_wconf 83' lang='lat' dir='ltr'><strong>partes,</strong></span> 
     </span>
     <span class='ocr_line' id='line_1_43' title="bbox 254 3765 1334 3852; baseline 0.003 -31"><span class='ocrx_word' id='word_1_369' title='bbox 254 3780 319 3822; x_wconf 89' lang='lat' dir='ltr'><strong>non</strong></span> <span class='ocrx_word' id='word_1_370' title='bbox 339 3765 374 3831; x_wconf 89' lang='lat' dir='ltr'><strong>ad</strong></span> <span class='ocrx_word' id='word_1_371' title='bbox 397 3765 619 3848; x_wconf 80' lang='lat' dir='ltr'><strong>disiungeudes,</strong></span> <span class='ocrx_word' id='word_1_372' title='bbox 642 3779 676 3827; x_wconf 90' lang='lat' dir='ltr'><strong>ut</strong></span> <span class='ocrx_word' id='word_1_373' title='bbox 697 3767 759 3829; x_wconf 90' lang='lat' dir='ltr'><strong>Cic.</strong></span> <span class='ocrx_word' id='word_1_374' title='bbox 775 3770 857 3830; x_wconf 84' lang='lat' dir='ltr'><strong>Orat.</strong></span> <span class='ocrx_word' id='word_1_375' title='bbox 881 3776 909 3844; x_wconf 92' lang='lat'><strong>1,</strong></span> <span class='ocrx_word' id='word_1_376' title='bbox 930 3776 958 3833; x_wconf 88' lang='grc'><strong>4.</strong></span> <span class='ocrx_word' id='word_1_377' title='bbox 980 3774 1117 3852; x_wconf 71' lang='lat' dir='ltr'><strong>infpoetis</strong></span> <span class='ocrx_word' id='word_1_378' title='bbox 1132 3790 1188 3827; x_wconf 89' lang='lat' dir='ltr'><strong>non</strong></span> <span class='ocrx_word' id='word_1_379' title='bbox 1202 3768 1334 3827; x_wconf 89' lang='lat' dir='ltr'><strong>Homero</strong></span> 
     </span>
    </p>

    <p class='ocr_par' dir='ltr' id='par_1_10' title="bbox 248 3845 1338 4173">
     <span class='ocr_line' id='line_1_44' title="bbox 249 3845 1338 3932; baseline 0.003 -31"><span class='ocrx_word' id='word_1_380' title='bbox 249 3845 307 3913; x_wconf 84' lang='lat' dir='ltr'><strong>solt</strong></span> <span class='ocrx_word' id='word_1_381' title='bbox 327 3845 406 3904; x_wconf 75' lang='lat' dir='ltr'><strong>lotus</strong></span> <span class='ocrx_word' id='word_1_382' title='bbox 427 3856 471 3904; x_wconf 87' lang='lat' dir='ltr'><strong>est</strong></span> <span class='ocrx_word' id='word_1_383' title='bbox 499 3858 553 3906; x_wconf 92' lang='lat' dir='ltr'><strong>aut</strong></span> <span class='ocrx_word' id='word_1_384' title='bbox 580 3847 758 3910; x_wconf 72' lang='lat' dir='ltr'><strong>Archilocho</strong></span> <span class='ocrx_word' id='word_1_385' title='bbox 787 3862 840 3930; x_wconf 85' lang='lat' dir='ltr'><strong>aut</strong></span> <span class='ocrx_word' id='word_1_386' title='bbox 867 3854 1006 3932; x_wconf 77' lang='lat' dir='ltr'><strong>Sophocli</strong></span> <span class='ocrx_word' id='word_1_387' title='bbox 1023 3861 1076 3910; x_wconf 90' lang='lat' dir='ltr'><strong>aut</strong></span> <span class='ocrx_word' id='word_1_388' title='bbox 1102 3849 1261 3921; x_wconf 80' lang='lat' dir='ltr'><strong>Pindaro,</strong></span> <span class='ocrx_word' id='word_1_389' title='bbox 1281 3847 1338 3905; x_wconf 88' lang='lat' dir='ltr'><strong>sed</strong></span> 
     </span>
     <span class='ocr_line' id='line_1_45' title="bbox 250 3924 1334 4011; baseline 0.002 -27"><span class='ocrx_word' id='word_1_390' title='bbox 250 3925 356 3984; x_wconf 84' lang='lat' dir='ltr'><strong>horum</strong></span> <span class='ocrx_word' id='word_1_391' title='bbox 378 3926 423 3984; x_wconf 82' lang='lat' dir='ltr'><strong>rel</strong></span> <span class='ocrx_word' id='word_1_392' title='bbox 440 3929 576 3991; x_wconf 82' lang='lat' dir='ltr'><strong>secundis</strong></span> <span class='ocrx_word' id='word_1_393' title='bbox 597 3933 641 3990; x_wconf 78' lang='lat' dir='ltr'><strong>rel</strong></span> <span class='ocrx_word' id='word_1_394' title='bbox 666 3935 757 3990; x_wconf 88' lang='lat' dir='ltr'><strong>etiam</strong></span> <span class='ocrx_word' id='word_1_395' title='bbox 777 3924 857 4009; x_wconf 68' lang='lat' dir='ltr'><strong>infra</strong></span> <span class='ocrx_word' id='word_1_396' title='bbox 883 3933 1040 4005; x_wconf 82' lang='lat' dir='ltr'><strong>secundos,</strong></span> <span class='ocrx_word' id='word_1_397' title='bbox 1068 3931 1104 3992; x_wconf 83' lang='lat' dir='ltr'><strong>(le</strong></span> <span class='ocrx_word' id='word_1_398' title='bbox 1131 3950 1192 4011; x_wconf 88' lang='lat' dir='ltr'><strong>quo</strong></span> <span class='ocrx_word' id='word_1_399' title='bbox 1219 3928 1275 3987; x_wconf 85' lang='lat' dir='ltr'><strong>loe.</strong></span> <span class='ocrx_word' id='word_1_400' title='bbox 1297 3927 1334 3987; x_wconf 87' lang='lat' dir='ltr'><strong>cl.</strong></span> 
     </span>
     <span class='ocr_line' id='line_1_46' title="bbox 248 4004 1335 4093; baseline 0.003 -30"><span class='ocrx_word' id='word_1_401' title='bbox 248 4004 343 4073; x_wconf 81' lang='lat' dir='ltr'><strong>Hand.</strong></span> <span class='ocrx_word' id='word_1_402' title='bbox 373 4007 462 4067; x_wconf 84' lang='lat' dir='ltr'><strong>Ture.</strong></span> <span class='ocrx_word' id='word_1_403' title='bbox 483 4008 551 4067; x_wconf 79' lang='lat' dir='ltr'><strong>vot.</strong></span> <span class='ocrx_word' id='word_1_404' title='bbox 573 4012 593 4075; x_wconf 82' lang='lat' dir='ltr'><strong>l.</strong></span> <span class='ocrx_word' id='word_1_405' title='bbox 623 4033 651 4091; x_wconf 89' lang='lat' dir='ltr'><strong>p.</strong></span> <span class='ocrx_word' id='word_1_406' title='bbox 673 4017 743 4071; x_wconf 84' lang='grc'><strong>527.</strong></span> <span class='ocrx_word' id='word_1_407' title='bbox 785 4013 860 4072; x_wconf 84' lang='lat' dir='ltr'><strong>Plio.</strong></span> <span class='ocrx_word' id='word_1_408' title='bbox 881 4013 954 4093; x_wconf 86' lang='lat' dir='ltr'><strong>Epp.</strong></span> <span class='ocrx_word' id='word_1_409' title='bbox 976 4016 999 4090; x_wconf 93' lang='lat' dir='ltr'><strong>l,</strong></span> <span class='ocrx_word' id='word_1_410' title='bbox 1026 4019 1074 4091; x_wconf 86' lang='grc'><strong>16,</strong></span> <span class='ocrx_word' id='word_1_411' title='bbox 1097 4018 1125 4073; x_wconf 91' lang='grc'><strong>5.</strong></span> <span class='ocrx_word' id='word_1_412' title='bbox 1168 4011 1335 4070; x_wconf 87' lang='lat' dir='ltr'><strong>Praeterea</strong></span> 
     </span>
     <span class='ocr_line' id='line_1_47' title="bbox 252 4086 1333 4173; baseline 0.004 -31"><span class='ocrx_word' id='word_1_413' title='bbox 252 4105 351 4144; x_wconf 80' lang='lat' dir='ltr'><strong>versus</strong></span> <span class='ocrx_word' id='word_1_414' title='bbox 363 4086 459 4166; x_wconf 83' lang='lat' dir='ltr'><strong>facit,</strong></span> <span class='ocrx_word' id='word_1_415' title='bbox 487 4091 589 4170; x_wconf 87' lang='lat' dir='ltr'><strong>quoles</strong></span> <span class='ocrx_word' id='word_1_416' title='bbox 617 4092 752 4152; x_wconf 86' lang='lat' dir='ltr'><strong>Catullus</strong></span> <span class='ocrx_word' id='word_1_417' title='bbox 777 4104 830 4152; x_wconf 90' lang='lat' dir='ltr'><strong>aut</strong></span> <span class='ocrx_word' id='word_1_418' title='bbox 856 4094 972 4157; x_wconf 79' lang='lat' dir='ltr'><strong>Caluus.</strong></span> <span class='ocrx_word' id='word_1_419' title='bbox 1022 4096 1054 4154; x_wconf 87' lang='lat' dir='ltr'><strong>C.</strong></span> <span class='ocrx_word' id='word_1_420' title='bbox 1078 4095 1221 4173; x_wconf 85' lang='lat' dir='ltr'><strong>Papirius</strong></span> <span class='ocrx_word' id='word_1_421' title='bbox 1246 4090 1279 4149; x_wconf 88' lang='lat' dir='ltr'><strong>C.</strong></span> <span class='ocrx_word' id='word_1_422' title='bbox 1299 4088 1333 4146; x_wconf 89' lang='lat' dir='ltr'><strong>F.</strong></span> 
     </span>
    </p>

    <p class='ocr_par' dir='ltr' id='par_1_11' title="bbox 168 4165 1335 4262">
     <span class='ocr_line' id='line_1_48' title="bbox 168 4165 1335 4262; baseline 0.001 -33"><span class='ocrx_word' id='word_1_423' title='bbox 168 4245 174 4252; x_wconf 57' lang='lat'><strong>.</strong></span> <span class='ocrx_word' id='word_1_424' title='bbox 201 4172 206 4179; x_wconf 83' lang='lat'>&#39;</span> <span class='ocrx_word' id='word_1_425' title='bbox 250 4165 370 4241; x_wconf 87' lang='lat' dir='ltr'><strong>Carlo,</strong></span> <span class='ocrx_word' id='word_1_426' title='bbox 389 4167 457 4227; x_wconf 82' lang='lat' dir='ltr'><strong>trib.</strong></span> <span class='ocrx_word' id='word_1_427' title='bbox 479 4169 518 4255; x_wconf 90' lang='lat' dir='ltr'><strong>pl.</strong></span> <span class='ocrx_word' id='word_1_428' title='bbox 541 4171 698 4234; x_wconf 85' lang='lat' dir='ltr'><strong>seditiosus</strong></span> <span class='ocrx_word' id='word_1_429' title='bbox 721 4178 789 4237; x_wconf 80' lang='grc'><strong>623.</strong></span> <span class='ocrx_word' id='word_1_430' title='bbox 812 4175 848 4234; x_wconf 91' lang='lat' dir='ltr'><strong>U.</strong></span> <span class='ocrx_word' id='word_1_431' title='bbox 869 4171 921 4253; x_wconf 91' lang='lat' dir='ltr'><strong>C.,</strong></span> <span class='ocrx_word' id='word_1_432' title='bbox 949 4176 1077 4262; x_wconf 83' lang='lat' dir='ltr'><strong>partiam</strong></span> <span class='ocrx_word' id='word_1_433' title='bbox 1093 4171 1335 4238; x_wconf 79' lang='lat' dir='ltr'><strong>&#39;Graccbaaarum</strong></span> 
     </span>
    </p>
   </div>
   <div class='ocr_carea' id='block_1_6' title="bbox 0 0 1490 4808">
    <p class='ocr_par' dir='ltr' id='par_1_12' title="bbox 0 0 1490 4808">
     <span class='ocr_line' id='line_1_49' title="bbox 0 0 1490 4808; baseline 0 2"><span class='ocrx_word' id='word_1_434' title='bbox 0 0 1490 4808; x_wconf 95' lang='lat' dir='ltr'><strong> </strong></span> 
     </span>
    </p>
   </div>
  </div>
 </body>
</html>
