2970 4808
597 269 676 356 Οιφ.
701 271 796 337 xtra.
1194 281 1238 343 66
1295 274 1300 281 ’

152 424 220 501 hus
252 440 285 498 ct
309 425 400 507 curis
425 438 458 498 et
473 419 684 499 'necessitate
713 425 836 501 cotidie
855 422 991 526 ,aliquid
1022 442 1138 501 contra
1164 429 1258 503 aui-0

152 553 244 598 snum
267 522 413 597 faciendi
443 522 555 596 inille
582 550 676 596 sacra
703 523 851 627 illosque
882 523 984 600 sontis
1014 525 1140 615 seruum
1174 556 1236 602 nec
1354 479 1473 640 effi

152 622 308 697 insanum
335 619 422 695 ultra
454 638 485 695 et
511 620 678 695 lubricum
710 624 820 696 sorum
846 624 1034 726 famamque
1060 615 1313 725 pallentemW
1349 629 1464 696 'nim

152 737 203 794 tre
229 720 306 794 idus
333 721 493 821 experiar.
556 722 632 793 Non
667 749 720 794 me
750 722 909 796 fremitus
928 722 1140 798 salutantium
1171 705 1289 800 ‚nec'a
1348 695 1379 749 ι’
1395 702 1459 888 {h

153 751 315 893 eudelane
337 819 478 915 libertus
503 819 638 908 excitet,
664 847 727 893 nee
752 820 900 896 incertus
926 823 1030 896 futuri
1059 840 1238 896 testamen·
1447 781 1479 912 dt

152 934 224 991 tum
240 947 305 1021 pro
323 919 466 1020 pignore
483 916 648 1007 scribam,
674 945 737 992 nec
759 920 837 1020 plns
859 919 1000 995 habeam
1024 875 1321 1023 quamquodfflf
1346 879 1375 957 7

153 1091 219 1164 XV,
238 1090 285 1149 14.
306 1108 417 1163 anagnu
437 1106 512 1148 curu
534 1097 564 1147 et
577 1086 773 1147 sollicitudine
788 1088 997 1147 melitensis.
1019 1088 1123 1164 Quint
1141 1094 1191 1165 ΙΙΙ,
1208 1094 1238 1164 1,
1323 1142 1331 1148 .

153 1171 204 1230 44.
244 1169 326 1230 Nam
356 1180 391 1230 ut
417 1179 551 1229 orontem
579 1180 634 1250 pro
664 1172 762 1249 capite
792 1169 957 1230 sollicitudo
978 1169 1134 1230 decentet
1156 1191 1238 1231 cure.

152 1250 302 1311 Ecksteiu.
332 1250 363 1327 iu
391 1252 445 1310 Ed.
463 1249 581 1310 Walth.
600 1244 633 1311 'et
651 1249 788 1333 Prolegg.
809 1272 839 1346 p.
861 1254 909 1309 51.
938 1250 1010 1311 haec
1030 1251 1122 1311 refert
1148 1252 1185 1316 ad
1212 1258 1240 1312 tr

152 1337 200 1392 ded
219 1338 296 1392 deols
314 1332 438 1412 eiusque
457 1333 568 1472 figurae
590 1331 735 1412 speciem,
766 1330 818 1391 uhr
838 1331 905 1391 loco
923 1332 1058 1394 adieetivi
1078 1354 1145 1393 cum
1165 1332 1240 1394 sub·

153 1414 284 1475 stantivu
304 1412 471 1496 coniungen
495 1414 504 1471 i
525 1413 585 1491 duo
606 1412 787 1473 substantiva
811 1424 975 1492 ponuntur.

236 1515 289 1555 nee
309 1531 349 1546 -
370 1492 528 1577 experiar]
552 1493 632 1575 Virg.
654 1493 766 1575 Georg.
786 1497 824 1568 11,
844 1499 1032 1554 suo-502.
1063 1494 1145 1574 Quos
1160 1498 1241 1554 rami
1272 1533 1276 1541 ·

145 1573 284 1656 fructus,
312 1598 386 1658 oues
412 1582 479 1656 ipsa
506 1577 633 1635 nolentia
651 1596 749 1633 rura
768 1576 878 1655 Sponte
899 1576 993 1653 tulere
1013 1596 1088 1648 sua,
1116 1580 1238 1656 enupsit,

153 1678 208 1717 nee
219 1658 326 1737 sorren
346 1662 437 1718 iura
457 1657 654 1753 [manumque
666 1655 770 1734 serrum
792 1666 846 1715 aut
863 1658 968 1737 pupuli
988 1657 1146 1729 tabularia·
1159 1657 1238 1716 sidit.

153 1738 224 1819 ihiq.
253 1741 350 1823 Heyn.
382 1739 524 1798 Insanum
556 1738 666 1798 dieitur
689 1737 795 1816 sorum
822 1736 985 1817 (tohender
1004 1772 1043 1784 -··
1071 1736 1238 1799 la'rmender
1272 1752 1283 1809 J

152 1818 267 1901 Marht)
288 1821 391 1879 insano
421 1820 547 1881 clamore
568 1818 725 1901 praecipue
752 1818 929 1900 litigantium
956 1830 1162 1901 perstrepens3
1192 1822 1238 1880 lu·
1267 1813 1276 1893 ,ἶ

153 1903 286 1975 bricam,
308 1902 388 1981 quod
409 1922 528 1974 musae,
550 1900 674 1981 quaein
696 1921 732 1960 eo
754 1911 901 1983 aguntur,
927 1898 1033 1961 incerti
1057 1912 1127 1960 suut
1146 1922 1238 1962 even-

153 1994 212 2044 tus.
245 1982 297 2043 Sil.
319 1982 379 2053 ltal.
401 1987 465 2059 Vll,
487 1984 651 2043 542-43.
680 1981 810 2041 lusanae
825 1991 963 2062 spectate
984 1981 1098 2041 trihus!
1154 1984 1239 2041 olu-

154 2065 240 2124 hrr'en
261 2074 361 2123 rostra
388 2063 429 2124 Et
460 2067 543 2123 oanis
561 2062 637 2141 sura
658 2065 742 2123 laeta
770 2066 847 2122 viris.
870 2061 954 2123 Curt.
975 2065 1090 2138 vite,
1134 2066 1163 2123 4.
1192 2066 1239 2123 lu-

154 2146 240 2205 brica
253 2143 387 2223 somnne.
427 2141 473 2206 Cl'.
493 2143 640 2215 Roettich.
661 2145 731 2203 Lex.
754 2143 823 2204 Tac.
845 2142 981 2205 Schuetz.
1001 2144 1072 2203 Ler.
1095 2142 1192 2205 Cicer.
1214 2165 1238 2207 s.

153 2248 183 2288 r.
225 2226 348 2286 Pallene
367 2225 458 2305 suma
485 2225 640 2286 transitive
677 2224 785 2285 dicitur
812 2223 954 2305 pallorem
986 2223 1134 2297 efficiens3
1172 2233 1280 2321 nam]

152 2306 244 2391 pallet
264 2320 383 2382 orator,
405 2306 454 2388 qui
473 2306 559 2367 anxie
577 2326 675 2366 auram
697 2305 868 2387 popularem
883 2317 996 2386 captat,
1017 2328 1107 2386 qurum
1125 2306 1237 2387 populo
1265 2324 1270 2355 ι’

154 2388 307 2470 displicet,
328 2410 418 2469 quum
436 2409 499 2450 rem
512 2390 601 2449 'suam
621 2386 694 2448 male
714 2387 810 2470 egisse
830 2386 964 2461 videtur,
984 2398 1020 2447 ut
1041 2398 1122 2446 recte
1142 2387 1237 2468 expli·

153 2481 200 2530 eat
221 2468 323 2530 Oberl.
353 2470 475 2530 Pallene
494 2471 613 2530 mondus
632 2471 715 2569 Vir-g.
745 2472 820 2528 Aen.
843 2472 894 2544 vt,
918 2473 988 2528 275.
1017 2487 1091 2527 eura
1111 2467 1236 2531 Martial.

153 2551 256 2633 Epigr.
275 2555 325 2625 ΧΙ,
345 2557 375 2625 7,
394 2557 421 2612 6.
452 2552 524 2612 Pau
545 2571 678 2611 marcens
700 2552 720 2609 Γ
721 2572 762 2611 ac.
785 2551 987 2611 Genaunes.
1014 2549 1077 2611 Nee
1098 2569 1166 2611 eane
1187 2571 1238 2613 so-

153 2633 305 2691 litudinem
333 2634 474 2708 languere
498 2637 617 2714 patior,
644 2653 733 2713 quarn
754 2631 831 2690 mihi
857 2628 950 2709 asserat
970 2634 1150 2705 necessitas,
1179 2653 1238 2690 non

154 2716 287 2773 noluntas
308 2710 370 2774 Cic.
392 2713 453 2775 Oll.
473 2718 525 2790 ΙΙΙ,
549 2720 575 2774 1.
604 2713 673 2794 ihiq.
694 2713 791 2772 Beier.
840 2712 886 2773 De
912 2732 970 2772 usu
999 2711 1159 2772 verborum
1189 2711 1237 2771 iu-

152 2794 377 2856 transitivorum
398 2816 454 2877 pro
467 2794 636 2869 ‚transitivis
657 2795 735 2877 apud
755 2793 877 2853 Latinos
899 2791 935 2854 cl.
959 2790 1105 2855 Vechuer.
1133 2792 1237 2855 Helle-

152 2875 251 2973 nolex.
278 2898 306 2958 p.
330 2882 378 2938 91.
407 2879 518 2954 Heus,
544 2877 622 2959 apud
651 2878 782 2938 Graecos
810 2872 915 2937 Metti.
943 2873 998 2937 Gr.
1027 2873 1083 2937 Gr.
1112 2873 1179 2939 Vnt.
1200 2879 1236 2937 ll.

152 2961 172 3041 ὲ
231 3039 300 3103 Non
319 3056 366 3099 me
385 3035 527 3119 fremitus
552 3043 744 3101 salntuntr'um
765 3059 820 3100 nee
840 3034 984 3101 anhelans
1011 3038 1131 3100 libertus
1152 3041 1235 3101 essei-

152 3119 213 3203 tet]
243 3123 302 3181 lam
323 3121 420 3202 primo
445 3145 528 3184 mane
549 3122 682 3183 sciebant
709 3123 832 3182 clientes
851 3132 882 3182 et
901 3118 999 3181 liberti
1018 3131 1161 3201 patronos
1183 3130 1235 3203 aut

143 3202 190 3265 ,de
215 3202 281 3263 iure
307 3204 473 3263 consulturi
500 3215 554 3266 aut.
578 3202 730 3263 salutaturi
756 3203 853 3277 adire,
881 3200 933 3281 qui
953 3200 1050 3262 honos
1078 3198 1234 3281 praecipue

152 3282 294 3357 divitibus
315 3282 395 3343 orbis
416 3284 452 3343 ad
478 3282 654 3342 hereditates
681 3303 785 3342 eorum
805 3282 959 3362 captandas
986 3280 1164 3357 habebatur,
1193 3279 1233 3339 ita

152 3374 189 3423 ut
207 3362 281 3422 alter
301 3362 425 3422 alterum
446 3363 478 3422 in
507 3363 552 3423 his
573 3361 678 3422 officiis
698 3362 878 3442 praestandis
899 3374 930 3423 et
955 3360 1096 3443 sportulis
1119 3360 1232 3442 praeri-

153 3442 269 3524 pieudis
297 3462 386 3502 cursu
408 3443 499 3504 citato
527 3441 696 3504 antevenire
725 3443 865 3503 studeret.
907 3441 954 3504 cf.
982 3443 1056 3503 llor.
1075 3443 1135 3502 Sat.
1156 3446 1180 3517 Ι,
1202 3446 1231 3516 1,

155 3529 203 3585 10.
224 3533 254 3582 et
273 3520 355 3582 locos
376 3545 392 3583 a
415 3528 493 3606 Rup.
513 3524 635 3585 citatos:
656 3526 755 3584 turen.
776 3529 799 3599 Ι,
821 3528 987 3585 95-116
1012 3525 1150 3598 128.111,
1173 3527 1231 3584 126
1257 3571 1259 3575 .

144 3603 805 3681 ,1361161111ιιι,361ν,ε.κ,82.
914 3656 919 3679 ,
1176 3604 1179 3611 “

235 3704 289 3743 nee·
310 3687 439 3748 incertus
452 3685 554 3767 futuri
567 3696 774 3746 testamentum
791 3707 849 3769 pru
866 3690 989 3769 pignere
1008 3684 1133 3745 scribam
1156 3680 1229 3769 eto]

151 3767 211 3826 lam
238 3764 307 3826 iude
334 3765 370 3826 ah
399 3770 537 3852 Augusto
568 3768 666 3850 (Suet.
695 3769 772 3850 Aug.
801 3773 849 3828 66.
881 3764 964 3847 101.)
993 3784 1057 3827 mos
1079 3763 1230 3827 obtinebat

152 3846 229 3929 apud
247 3847 418 3926 Romanos,
448 3862 483 3913 ut
504 3854 696 3930 tmperatores
716 3860 768 3908 aut
787 3849 823 3908 ad
841 3860 956 3932 gratum
977 3845 1008 3906 in
1029 3865 1081 3906 eos
1102 3845 1229 3907 animum

152 3939 184 3989 et
203 3926 398 3990 reverentiam
424 3930 642 4013 significandam
662 3941 713 3989 aut
730 3950 786 4010 pro
806 3934 947 4012 pignere,
977 3926 996 3991 i.
1018 3947 1044 3987 e.
1063 3924 1239 3991 securitatis,

78 4075 83 4078 ⁴
137 4029 237 4098 perusa
265 3998 358 4069 et'ad
383 4024 496 4091 partem
524 4011 671 4072 honorum
700 4010 838 4093 legitimis
866 4009 1024 4071 heredibus
1045 4007 1228 4085 servandam,

151 4088 311 4152 coheredes
342 4093 562 4171 scriberentur,
597 4115 615 4172 q
658 4114 688 4155 m
714 4092 847 4154 crudeles
876 4103 907 4151 et
939 4085 1038 4165 avari,
1072 4099 1112 4149 ut
1138 4086 1229 4171 Calig.

47 4164 51 4171 “
150 4172 233 4234 Suet.
254 4175 323 4251 36,
344 4172 426 4237 Nero
446 4175 529 4239 Suet
548 4180 617 4254 32,
666 4172 1017 4250 unimembrem..
1045 4179 1230 4243 tetltmfflbts
