<?xml version="1.0" encoding="UTF-8"?>
<!DOCTYPE html PUBLIC "-//W3C//DTD XHTML 1.0 Transitional//EN"
    "http://www.w3.org/TR/xhtml1/DTD/xhtml1-transitional.dtd">
<html xmlns="http://www.w3.org/1999/xhtml" xml:lang="en" lang="en">
 <head>
  <title>
</title>
<meta http-equiv="Content-Type" content="text/html;charset=utf-8" />
  <meta name='ocr-system' content='tesseract 3.04.00' />
  <meta name='ocr-capabilities' content='ocr_page ocr_carea ocr_par ocr_line ocrx_word'/>
</head>
<body>
  <div class='ocr_page' id='page_1' title='image "./ccorneliitaciti00hessgoog_0255.png"; bbox 0 0 2928 4810; ppageno 0'>
   <div class='ocr_carea' id='block_1_1' title="bbox 232 241 1035 365">
    <p class='ocr_par' dir='ltr' id='par_1_1' title="bbox 232 241 1035 365">
     <span class='ocr_line' id='line_1_1' title="bbox 232 241 1035 365; baseline -0.002 -18"><span class='ocrx_word' id='word_1_1' title='bbox 232 328 234 331; x_wconf 82' lang='grc'>-</span> <span class='ocrx_word' id='word_1_2' title='bbox 295 250 383 351; x_wconf 74' lang='lat' dir='ltr'>asc:</span> <span class='ocrx_word' id='word_1_3' title='bbox 553 254 559 261; x_wconf 80' lang='grc'><strong>’</strong></span> <span class='ocrx_word' id='word_1_4' title='bbox 616 241 774 365; x_wconf 52' lang='lat' dir='ltr'>uara..</span> <span class='ocrx_word' id='word_1_5' title='bbox 791 282 830 345; x_wconf 75' lang='lat' dir='ltr'>a</span> <span class='ocrx_word' id='word_1_6' title='bbox 853 282 1035 346; x_wconf 64' lang='lat' dir='ltr'>aaaron</span> 
     </span>
    </p>
   </div>
   <div class='ocr_carea' id='block_1_2' title="bbox 294 428 1375 746">
    <p class='ocr_par' dir='ltr' id='par_1_2' title="bbox 294 428 1375 746">
     <span class='ocr_line' id='line_1_2' title="bbox 294 428 1374 538; baseline -0.005 -26"><span class='ocrx_word' id='word_1_7' title='bbox 294 439 344 512; x_wconf 83' lang='lat' dir='ltr'>Ex</span> <span class='ocrx_word' id='word_1_8' title='bbox 366 439 411 512; x_wconf 88' lang='lat' dir='ltr'>iis</span> <span class='ocrx_word' id='word_1_9' title='bbox 435 432 603 511; x_wconf 79' lang='lat' dir='ltr'>suasoriae</span> <span class='ocrx_word' id='word_1_10' title='bbox 629 430 782 537; x_wconf 84' lang='lat' dir='ltr'>quidem,</span> <span class='ocrx_word' id='word_1_11' title='bbox 823 436 884 510; x_wconf 86' lang='lat' dir='ltr'>etsi</span> <span class='ocrx_word' id='word_1_12' title='bbox 909 454 1066 538; x_wconf 89' lang='lat' dir='ltr'>tanquam</span> <span class='ocrx_word' id='word_1_13' title='bbox 1116 428 1191 512; x_wconf 86' lang='lat' dir='ltr'>lane</span> <span class='ocrx_word' id='word_1_14' title='bbox 1221 432 1374 510; x_wconf 84' lang='lat' dir='ltr'>leviores</span> 
     </span>
     <span class='ocr_line' id='line_1_3' title="bbox 295 535 1375 640; baseline -0.007 -26"><span class='ocrx_word' id='word_1_15' title='bbox 295 555 327 617; x_wconf 86' lang='lat' dir='ltr'>et</span> <span class='ocrx_word' id='word_1_16' title='bbox 350 539 460 612; x_wconf 86' lang='lat' dir='ltr'>minus</span> <span class='ocrx_word' id='word_1_17' title='bbox 484 536 678 639; x_wconf 85' lang='lat' dir='ltr'>prudentiae</span> <span class='ocrx_word' id='word_1_18' title='bbox 691 535 889 632; x_wconf 60' lang='lat' dir='ltr'>‘&#39;exigentcs,</span> <span class='ocrx_word' id='word_1_19' title='bbox 912 537 1028 640; x_wconf 67' lang='lat' dir='ltr'>&#39;pueris</span> <span class='ocrx_word' id='word_1_20' title='bbox 1045 537 1072 611; x_wconf 84' lang='lat' dir='ltr'>d</span> <span class='ocrx_word' id='word_1_21' title='bbox 1106 554 1261 634; x_wconf 79' lang='lat' dir='ltr'>egantur3</span> <span class='ocrx_word' id='word_1_22' title='bbox 1282 563 1375 608; x_wconf 85' lang='lat' dir='ltr'>eon-</span> 
     </span>
     <span class='ocr_line' id='line_1_4' title="bbox 294 634 1374 746; baseline -0.005 -35"><span class='ocrx_word' id='word_1_23' title='bbox 294 639 471 745; x_wconf 82' lang='lat' dir='ltr'>troversiae</span> <span class='ocrx_word' id='word_1_24' title='bbox 496 636 741 711; x_wconf 84' lang='lat' dir='ltr'>robustioribus</span> <span class='ocrx_word' id='word_1_25' title='bbox 766 639 994 746; x_wconf 79' lang='lat' dir='ltr'>assignantur,</span> <span class='ocrx_word' id='word_1_26' title='bbox 1030 636 1146 738; x_wconf 87' lang='lat' dir='ltr'>quales</span> <span class='ocrx_word' id='word_1_27' title='bbox 1173 666 1235 738; x_wconf 90' lang='lat' dir='ltr'>per</span> <span class='ocrx_word' id='word_1_28' title='bbox 1258 634 1374 733; x_wconf 75' lang='lat' dir='ltr'>fidem</span> 
     </span>
    </p>
   </div>
   <div class='ocr_carea' id='block_1_3' title="bbox 211 791 1426 4068">
    <p class='ocr_par' dir='ltr' id='par_1_3' title="bbox 211 791 1426 4068">
     <span class='ocr_line' id='line_1_5' title="bbox 296 791 1373 876; baseline -0.006 -20"><span class='ocrx_word' id='word_1_29' title='bbox 296 792 401 876; x_wconf 81' lang='lat' dir='ltr'>Quint.</span> <span class='ocrx_word' id='word_1_30' title='bbox 420 799 469 871; x_wconf 92' lang='grc'><strong>111,</strong></span> <span class='ocrx_word' id='word_1_31' title='bbox 490 801 518 854; x_wconf 91' lang='grc'>8.</span> <span class='ocrx_word' id='word_1_32' title='bbox 538 798 601 869; x_wconf 88' lang='lat' dir='ltr'>Vll,</span> <span class='ocrx_word' id='word_1_33' title='bbox 620 796 648 855; x_wconf 76' lang='grc'><strong>4.</strong></span> <span class='ocrx_word' id='word_1_34' title='bbox 677 791 722 855; x_wconf 87' lang='lat' dir='ltr'>Ci.</span> <span class='ocrx_word' id='word_1_35' title='bbox 743 793 870 854; x_wconf 78' lang='lat' dir='ltr'>Senecae</span> <span class='ocrx_word' id='word_1_36' title='bbox 889 792 1090 864; x_wconf 79' lang='lat' dir='ltr'>Suasoriarum</span> <span class='ocrx_word' id='word_1_37' title='bbox 1111 793 1193 853; x_wconf 88' lang='lat' dir='ltr'>liber.</span> <span class='ocrx_word' id='word_1_38' title='bbox 1218 794 1373 852; x_wconf 85' lang='lat' dir='ltr'>Wester-</span> 
     </span>
     <span class='ocr_line' id='line_1_6' title="bbox 294 872 1373 959; baseline -0.007 -20"><span class='ocrx_word' id='word_1_39' title='bbox 294 900 383 941; x_wconf 85' lang='lat' dir='ltr'>maun</span> <span class='ocrx_word' id='word_1_40' title='bbox 404 878 441 938; x_wconf 87' lang='lat' dir='ltr'>G.</span> <span class='ocrx_word' id='word_1_41' title='bbox 464 877 491 937; x_wconf 91' lang='lat' dir='ltr'>d.</span> <span class='ocrx_word' id='word_1_42' title='bbox 509 900 533 937; x_wconf 89' lang='lat' dir='ltr'>r.</span> <span class='ocrx_word' id='word_1_43' title='bbox 553 877 587 936; x_wconf 91' lang='grc' dir='ltr'>Β.</span> <span class='ocrx_word' id='word_1_44' title='bbox 608 874 636 959; x_wconf 80' lang='lat'><strong>§</strong></span> <span class='ocrx_word' id='word_1_45' title='bbox 658 881 705 935; x_wconf 90' lang='grc'>81.</span> <span class='ocrx_word' id='word_1_46' title='bbox 733 875 865 935; x_wconf 80' lang='lat' dir='ltr'>Ronncll</span> <span class='ocrx_word' id='word_1_47' title='bbox 886 876 921 936; x_wconf 88' lang='lat' dir='ltr'>de</span> <span class='ocrx_word' id='word_1_48' title='bbox 942 887 1040 935; x_wconf 90' lang='lat' dir='ltr'>mutat.</span> <span class='ocrx_word' id='word_1_49' title='bbox 1062 881 1116 936; x_wconf 89' lang='lat' dir='ltr'>sub</span> <span class='ocrx_word' id='word_1_50' title='bbox 1139 876 1222 956; x_wconf 85' lang='lat' dir='ltr'>prim.</span> <span class='ocrx_word' id='word_1_51' title='bbox 1245 872 1373 935; x_wconf 80' lang='lat' dir='ltr'>Caesar.</span> 
     </span>
     <span class='ocr_line' id='line_1_7' title="bbox 295 957 1372 1042; baseline -0.006 -21"><span class='ocrx_word' id='word_1_52' title='bbox 295 961 371 1042; x_wconf 86' lang='lat' dir='ltr'>eloq.</span> <span class='ocrx_word' id='word_1_53' title='bbox 394 958 505 1021; x_wconf 82' lang='lat' dir='ltr'>condic.</span> <span class='ocrx_word' id='word_1_54' title='bbox 525 979 553 1041; x_wconf 90' lang='lat' dir='ltr'>p.</span> <span class='ocrx_word' id='word_1_55' title='bbox 569 962 606 1018; x_wconf 84' lang='lat'>17</span> <span class='ocrx_word' id='word_1_56' title='bbox 622 979 682 1038; x_wconf 85' lang='lat' dir='ltr'>sq.;</span> <span class='ocrx_word' id='word_1_57' title='bbox 703 957 869 1039; x_wconf 80' lang='lat' dir='ltr'>desuasor.</span> <span class='ocrx_word' id='word_1_58' title='bbox 892 970 922 1018; x_wconf 89' lang='lat' dir='ltr'>et</span> <span class='ocrx_word' id='word_1_59' title='bbox 938 970 1071 1018; x_wconf 76' lang='lat' dir='ltr'><strong>controv.</strong></span> <span class='ocrx_word' id='word_1_60' title='bbox 1092 957 1251 1025; x_wconf 83' lang='lat' dir='ltr'>Bernhard.</span> <span class='ocrx_word' id='word_1_61' title='bbox 1274 959 1372 1016; x_wconf 77' lang='lat' dir='ltr'>Rbus.</span> 
     </span>
     <span class='ocr_line' id='line_1_8' title="bbox 295 1038 1373 1123; baseline -0.007 -19"><span class='ocrx_word' id='word_1_62' title='bbox 295 1043 352 1113; x_wconf 86' lang='lat' dir='ltr'>Lit.</span> <span class='ocrx_word' id='word_1_63' title='bbox 371 1065 399 1123; x_wconf 90' lang='lat' dir='ltr'>p.</span> <span class='ocrx_word' id='word_1_64' title='bbox 423 1046 489 1101; x_wconf 87' lang='grc'><strong>120.</strong></span> <span class='ocrx_word' id='word_1_65' title='bbox 538 1040 757 1100; x_wconf 85' lang='lat' dir='ltr'>Controuersiae</span> <span class='ocrx_word' id='word_1_66' title='bbox 786 1061 930 1122; x_wconf 82' lang='lat' dir='ltr'>egenere</span> <span class='ocrx_word' id='word_1_67' title='bbox 956 1039 1080 1101; x_wconf 85' lang='lat' dir='ltr'>iudiciali</span> <span class='ocrx_word' id='word_1_68' title='bbox 1108 1038 1305 1100; x_wconf 79' lang='lat' dir='ltr'>adultIoribus</span> <span class='ocrx_word' id='word_1_69' title='bbox 1336 1047 1373 1096; x_wconf 85' lang='lat' dir='ltr'>et</span> 
     </span>
     <span class='ocr_line' id='line_1_9' title="bbox 214 1120 1370 1203; baseline -0.01 -15"><span class='ocrx_word' id='word_1_70' title='bbox 214 1186 220 1203; x_wconf 76' lang='grc'><strong>,</strong></span> <span class='ocrx_word' id='word_1_71' title='bbox 295 1121 546 1188; x_wconf 72' lang='lat' dir='ltr'>exercitatioribus</span> <span class='ocrx_word' id='word_1_72' title='bbox 566 1121 714 1202; x_wconf 79' lang='lat' dir='ltr'>discipulis</span> <span class='ocrx_word' id='word_1_73' title='bbox 732 1120 967 1203; x_wconf 76' lang='lat' dir='ltr'>assignabantur,</span> <span class='ocrx_word' id='word_1_74' title='bbox 989 1122 1096 1203; x_wconf 87' lang='lat' dir='ltr'>quippe</span> <span class='ocrx_word' id='word_1_75' title='bbox 1117 1123 1242 1201; x_wconf 91' lang='lat' dir='ltr'>quibus,</span> <span class='ocrx_word' id='word_1_76' title='bbox 1268 1141 1370 1201; x_wconf 88' lang='lat' dir='ltr'>quum</span> 
     </span>
     <span class='ocr_line' id='line_1_10' title="bbox 296 1202 1369 1287; baseline -0.008 -18"><span class='ocrx_word' id='word_1_77' title='bbox 296 1202 475 1286; x_wconf 83' lang='lat' dir='ltr'>difficiliores</span> <span class='ocrx_word' id='word_1_78' title='bbox 495 1204 633 1286; x_wconf 82' lang='lat' dir='ltr'>armagis</span> <span class='ocrx_word' id='word_1_79' title='bbox 653 1203 829 1284; x_wconf 89' lang='lat' dir='ltr'>compositae</span> <span class='ocrx_word' id='word_1_80' title='bbox 844 1215 958 1277; x_wconf 78' lang='lat' dir='ltr'>essent,</span> <span class='ocrx_word' id='word_1_81' title='bbox 978 1203 1116 1264; x_wconf 86' lang='lat' dir='ltr'>iuvenum</span> <span class='ocrx_word' id='word_1_82' title='bbox 1136 1203 1250 1287; x_wconf 83' lang='lat' dir='ltr'>ingenia</span> <span class='ocrx_word' id='word_1_83' title='bbox 1272 1223 1369 1261; x_wconf 90' lang='lat' dir='ltr'>acue-</span> 
     </span>
     <span class='ocr_line' id='line_1_11' title="bbox 295 1284 1368 1370; baseline -0.007 -19"><span class='ocrx_word' id='word_1_84' title='bbox 295 1303 400 1357; x_wconf 84' lang='lat' dir='ltr'>rentar</span> <span class='ocrx_word' id='word_1_85' title='bbox 423 1298 452 1346; x_wconf 84' lang='lat' dir='ltr'>et</span> <span class='ocrx_word' id='word_1_86' title='bbox 472 1285 507 1346; x_wconf 88' lang='lat' dir='ltr'>ad</span> <span class='ocrx_word' id='word_1_87' title='bbox 526 1285 653 1346; x_wconf 86' lang='lat' dir='ltr'>actiones</span> <span class='ocrx_word' id='word_1_88' title='bbox 674 1284 806 1355; x_wconf 80' lang='lat' dir='ltr'>forenses</span> <span class='ocrx_word' id='word_1_89' title='bbox 828 1284 929 1345; x_wconf 88' lang='lat' dir='ltr'>melius</span> <span class='ocrx_word' id='word_1_90' title='bbox 949 1292 1196 1367; x_wconf 80' lang='lat' dir='ltr'>praepararentur.</span> <span class='ocrx_word' id='word_1_91' title='bbox 1225 1284 1368 1370; x_wconf 60' lang='lat' dir='ltr'>lidebe-</span> 
     </span>
     <span class='ocr_line' id='line_1_12' title="bbox 295 1365 1369 1450; baseline -0.007 -17"><span class='ocrx_word' id='word_1_92' title='bbox 295 1394 358 1434; x_wconf 89' lang='lat' dir='ltr'>nec.</span> <span class='ocrx_word' id='word_1_93' title='bbox 377 1369 538 1432; x_wconf 83' lang='lat' dir='ltr'>Controrv.</span> <span class='ocrx_word' id='word_1_94' title='bbox 561 1366 624 1427; x_wconf 89' lang='lat' dir='ltr'>Lib.</span> <span class='ocrx_word' id='word_1_95' title='bbox 645 1369 665 1426; x_wconf 94' lang='grc'>1.</span> <span class='ocrx_word' id='word_1_96' title='bbox 687 1388 816 1450; x_wconf 87' lang='lat' dir='ltr'>prooem.</span> <span class='ocrx_word' id='word_1_97' title='bbox 837 1390 864 1448; x_wconf 90' lang='lat' dir='ltr'>p.</span> <span class='ocrx_word' id='word_1_98' title='bbox 886 1372 933 1427; x_wconf 80' lang='lat'>63.</span> <span class='ocrx_word' id='word_1_99' title='bbox 974 1368 1168 1428; x_wconf 81' lang='lat' dir='ltr'>Declamabat</span> <span class='ocrx_word' id='word_1_100' title='bbox 1187 1376 1286 1427; x_wconf 84' lang='lat' dir='ltr'>autern</span> <span class='ocrx_word' id='word_1_101' title='bbox 1312 1365 1369 1425; x_wconf 79' lang='lat' dir='ltr'>Ci-</span> 
     </span>
     <span class='ocr_line' id='line_1_13' title="bbox 295 1446 1367 1532; baseline -0.009 -16"><span class='ocrx_word' id='word_1_102' title='bbox 295 1468 379 1528; x_wconf 89' lang='lat' dir='ltr'>cero,</span> <span class='ocrx_word' id='word_1_103' title='bbox 406 1473 462 1513; x_wconf 89' lang='lat' dir='ltr'>non</span> <span class='ocrx_word' id='word_1_104' title='bbox 483 1450 582 1532; x_wconf 88' lang='lat' dir='ltr'>quales</span> <span class='ocrx_word' id='word_1_105' title='bbox 607 1469 681 1508; x_wconf 89' lang='lat' dir='ltr'>nunc</span> <span class='ocrx_word' id='word_1_106' title='bbox 709 1448 927 1509; x_wconf 80' lang='lat' dir='ltr'>Controuersias</span> <span class='ocrx_word' id='word_1_107' title='bbox 948 1446 1088 1525; x_wconf 83' lang='lat' dir='ltr'>dicimus,</span> <span class='ocrx_word' id='word_1_108' title='bbox 1115 1471 1166 1510; x_wconf 91' lang='lat' dir='ltr'>nec</span> <span class='ocrx_word' id='word_1_109' title='bbox 1193 1450 1367 1531; x_wconf 61' lang='grc' dir='ltr'><strong>111111,ᾳαί-</strong></span> 
     </span>
     <span class='ocr_line' id='line_1_14' title="bbox 297 1530 1368 1616; baseline -0.007 -20"><span class='ocrx_word' id='word_1_110' title='bbox 297 1534 375 1611; x_wconf 86' lang='lat' dir='ltr'>dem,</span> <span class='ocrx_word' id='word_1_111' title='bbox 391 1534 490 1616; x_wconf 74' lang='lat' dir='ltr'>paules</span> <span class='ocrx_word' id='word_1_112' title='bbox 506 1543 574 1592; x_wconf 84' lang='lat' dir='ltr'>unte</span> <span class='ocrx_word' id='word_1_113' title='bbox 591 1531 758 1590; x_wconf 79' lang='lat' dir='ltr'>Ciceronem</span> <span class='ocrx_word' id='word_1_114' title='bbox 773 1531 951 1605; x_wconf 82' lang='lat' dir='ltr'>dicebantur,</span> <span class='ocrx_word' id='word_1_115' title='bbox 965 1552 1039 1612; x_wconf 79' lang='lat' dir='ltr'>quas</span> <span class='ocrx_word' id='word_1_116' title='bbox 1054 1530 1148 1591; x_wconf 88' lang='lat' dir='ltr'>tbeses</span> <span class='ocrx_word' id='word_1_117' title='bbox 1161 1532 1313 1591; x_wconf 80' lang='lat' dir='ltr'>meabant.</span> <span class='ocrx_word' id='word_1_118' title='bbox 1322 1564 1368 1579; x_wconf 91' lang='lat'><em>-</em></span> 
     </span>
     <span class='ocr_line' id='line_1_15' title="bbox 296 1608 1364 1696; baseline -0.006 -19"><span class='ocrx_word' id='word_1_119' title='bbox 296 1617 363 1684; x_wconf 85' lang='lat' dir='ltr'>Hoc</span> <span class='ocrx_word' id='word_1_120' title='bbox 382 1637 449 1674; x_wconf 87' lang='lat' dir='ltr'>oero</span> <span class='ocrx_word' id='word_1_121' title='bbox 463 1616 588 1674; x_wconf 88' lang='lat' dir='ltr'>alterum</span> <span class='ocrx_word' id='word_1_122' title='bbox 606 1633 708 1673; x_wconf 88' lang='lat' dir='ltr'>nomen</span> <span class='ocrx_word' id='word_1_123' title='bbox 724 1613 871 1675; x_wconf 84' lang='lat' dir='ltr'>Graccum</span> <span class='ocrx_word' id='word_1_124' title='bbox 885 1612 999 1696; x_wconf 79' lang='lat' dir='ltr'>quidem</span> <span class='ocrx_word' id='word_1_125' title='bbox 1020 1608 1079 1686; x_wconf 77' lang='lat' dir='ltr'>est&#39;,</span> <span class='ocrx_word' id='word_1_126' title='bbox 1099 1615 1152 1674; x_wconf 85' lang='lat' dir='ltr'>sed</span> <span class='ocrx_word' id='word_1_127' title='bbox 1169 1618 1199 1672; x_wconf 86' lang='lat' dir='ltr'>in</span> <span class='ocrx_word' id='word_1_128' title='bbox 1218 1613 1364 1687; x_wconf 76' lang='lat' dir='ltr'>Latinum</span> 
     </span>
     <span class='ocr_line' id='line_1_16' title="bbox 296 1695 1366 1775; baseline -0.007 -15"><span class='ocrx_word' id='word_1_129' title='bbox 296 1704 341 1760; x_wconf 87' lang='lat' dir='ltr'>ita</span> <span class='ocrx_word' id='word_1_130' title='bbox 361 1699 552 1768; x_wconf 87' lang='lat' dir='ltr'>translatum,</span> <span class='ocrx_word' id='word_1_131' title='bbox 580 1707 611 1756; x_wconf 90' lang='lat' dir='ltr'>ut</span> <span class='ocrx_word' id='word_1_132' title='bbox 635 1716 690 1775; x_wconf 85' lang='lat' dir='ltr'>pro</span> <span class='ocrx_word' id='word_1_133' title='bbox 715 1695 822 1755; x_wconf 85' lang='lat' dir='ltr'>Latino</span> <span class='ocrx_word' id='word_1_134' title='bbox 849 1700 904 1769; x_wconf 87' lang='lat' dir='ltr'>sit,</span> <span class='ocrx_word' id='word_1_135' title='bbox 929 1696 1126 1775; x_wconf 74' lang='lat' dir='ltr'>Scholastica,</span> <span class='ocrx_word' id='word_1_136' title='bbox 1156 1695 1366 1757; x_wconf 77' lang='lat' dir='ltr'>Controversia</span> 
     </span>
     <span class='ocr_line' id='line_1_17' title="bbox 297 1776 1362 1859; baseline -0.007 -17"><span class='ocrx_word' id='word_1_137' title='bbox 297 1781 388 1842; x_wconf 89' lang='lat' dir='ltr'>multo</span> <span class='ocrx_word' id='word_1_138' title='bbox 410 1782 568 1848; x_wconf 86' lang='lat' dir='ltr'>recentius,</span> <span class='ocrx_word' id='word_1_139' title='bbox 595 1779 667 1847; x_wconf 71' lang='lat' dir='ltr'>sicut</span> <span class='ocrx_word' id='word_1_140' title='bbox 688 1780 751 1859; x_wconf 89' lang='lat' dir='ltr'>ipsa</span> <span class='ocrx_word' id='word_1_141' title='bbox 773 1776 959 1837; x_wconf 78' lang='lat' dir='ltr'>declamatio.</span> <span class='ocrx_word' id='word_1_142' title='bbox 979 1778 1061 1858; x_wconf 88' lang='lat' dir='ltr'>apud</span> <span class='ocrx_word' id='word_1_143' title='bbox 1080 1779 1187 1838; x_wconf 90' lang='lat' dir='ltr'>nullum</span> <span class='ocrx_word' id='word_1_144' title='bbox 1208 1784 1362 1837; x_wconf 78' lang='lat' dir='ltr'>auctorem</span> 
     </span>
     <span class='ocr_line' id='line_1_18' title="bbox 211 1856 1401 1944; baseline -0.005 -21"><span class='ocrx_word' id='word_1_145' title='bbox 211 1930 214 1935; x_wconf 28' lang='lat'><strong>⁴</strong></span> <span class='ocrx_word' id='word_1_146' title='bbox 295 1865 446 1944; x_wconf 75' lang='lat' dir='ltr'>antiquum</span> <span class='ocrx_word' id='word_1_147' title='bbox 466 1870 534 1919; x_wconf 86' lang='lat' dir='ltr'>aute</span> <span class='ocrx_word' id='word_1_148' title='bbox 553 1863 646 1940; x_wconf 88' lang='lat' dir='ltr'>ipsum</span> <span class='ocrx_word' id='word_1_149' title='bbox 662 1857 830 1929; x_wconf 80' lang='lat' dir='ltr'>Ciceronem</span> <span class='ocrx_word' id='word_1_150' title='bbox 851 1868 879 1918; x_wconf 86' lang='lat' dir='ltr'>et</span> <span class='ocrx_word' id='word_1_151' title='bbox 900 1858 1020 1918; x_wconf 76' lang='lat' dir='ltr'>Caluum</span> <span class='ocrx_word' id='word_1_152' title='bbox 1040 1863 1161 1918; x_wconf 84' lang='lat' dir='ltr'>inueniri</span> <span class='ocrx_word' id='word_1_153' title='bbox 1177 1869 1290 1941; x_wconf 88' lang='lat' dir='ltr'>potest,</span> <span class='ocrx_word' id='word_1_154' title='bbox 1313 1860 1366 1941; x_wconf 82' lang='lat' dir='ltr'>qui</span> <span class='ocrx_word' id='word_1_155' title='bbox 1399 1856 1401 1865; x_wconf 81' lang='lat'>&#39;</span> 
     </span>
     <span class='ocr_line' id='line_1_19' title="bbox 296 1939 1364 2016; baseline -0.004 -12"><span class='ocrx_word' id='word_1_156' title='bbox 296 1945 536 2005; x_wconf 79' lang='lat' dir='ltr'>declamationem</span> <span class='ocrx_word' id='word_1_157' title='bbox 564 1941 722 2015; x_wconf 67' lang='lat' dir='ltr'>distinguit.</span> <span class='ocrx_word' id='word_1_158' title='bbox 761 1939 815 2001; x_wconf 82' lang='lat' dir='ltr'>Ait</span> <span class='ocrx_word' id='word_1_159' title='bbox 842 1944 935 2016; x_wconf 85' lang='lat' dir='ltr'>enim,</span> <span class='ocrx_word' id='word_1_160' title='bbox 963 1941 1139 2002; x_wconf 84' lang='lat' dir='ltr'>Declamare</span> <span class='ocrx_word' id='word_1_161' title='bbox 1158 1952 1203 2001; x_wconf 87' lang='lat' dir='ltr'>est</span> <span class='ocrx_word' id='word_1_162' title='bbox 1222 1946 1283 2001; x_wconf 90' lang='lat' dir='ltr'>ium</span> <span class='ocrx_word' id='word_1_163' title='bbox 1306 1958 1364 2000; x_wconf 88' lang='lat' dir='ltr'>non</span> 
     </span>
     <span class='ocr_line' id='line_1_20' title="bbox 296 2022 1363 2104; baseline -0.006 -17"><span class='ocrx_word' id='word_1_164' title='bbox 296 2027 481 2088; x_wconf 80' lang='lat' dir='ltr'>mediocriter</span> <span class='ocrx_word' id='word_1_165' title='bbox 506 2022 610 2082; x_wconf 83' lang='lat' dir='ltr'>dicere.</span> <span class='ocrx_word' id='word_1_166' title='bbox 651 2022 730 2083; x_wconf 85' lang='lat' dir='ltr'>Bene</span> <span class='ocrx_word' id='word_1_167' title='bbox 757 2023 882 2083; x_wconf 86' lang='lat' dir='ltr'>alterum</span> <span class='ocrx_word' id='word_1_168' title='bbox 903 2032 991 2104; x_wconf 86' lang='lat' dir='ltr'>putat</span> <span class='ocrx_word' id='word_1_169' title='bbox 1018 2023 1191 2084; x_wconf 86' lang='lat' dir='ltr'>domesticae</span> <span class='ocrx_word' id='word_1_170' title='bbox 1211 2028 1363 2082; x_wconf 75' lang='lat' dir='ltr'>exercita-</span> 
     </span>
     <span class='ocr_line' id='line_1_21' title="bbox 287 2104 1362 2185; baseline -0.007 -15"><span class='ocrx_word' id='word_1_171' title='bbox 287 2111 384 2171; x_wconf 81' lang='lat' dir='ltr'>‘tiunis</span> <span class='ocrx_word' id='word_1_172' title='bbox 404 2126 481 2178; x_wconf 87' lang='lat' dir='ltr'>esse,</span> <span class='ocrx_word' id='word_1_173' title='bbox 509 2106 634 2164; x_wconf 87' lang='lat' dir='ltr'>alterum</span> <span class='ocrx_word' id='word_1_174' title='bbox 654 2124 739 2163; x_wconf 85' lang='lat' dir='ltr'>uerae</span> <span class='ocrx_word' id='word_1_175' title='bbox 760 2107 892 2164; x_wconf 87' lang='lat' dir='ltr'>actionis.</span> <span class='ocrx_word' id='word_1_176' title='bbox 930 2105 1020 2165; x_wconf 83' lang='lat' dir='ltr'>Modo</span> <span class='ocrx_word' id='word_1_177' title='bbox 1046 2127 1149 2166; x_wconf 89' lang='lat' dir='ltr'>nornen</span> <span class='ocrx_word' id='word_1_178' title='bbox 1170 2107 1224 2164; x_wconf 87' lang='lat' dir='ltr'>bor</span> <span class='ocrx_word' id='word_1_179' title='bbox 1239 2104 1362 2185; x_wconf 83' lang='lat' dir='ltr'>prodiit.</span> 
     </span>
     <span class='ocr_line' id='line_1_22' title="bbox 296 2178 1361 2273; baseline -0.006 -23"><span class='ocrx_word' id='word_1_180' title='bbox 296 2178 376 2254; x_wconf 79' lang='lat' dir='ltr'>Num</span> <span class='ocrx_word' id='word_1_181' title='bbox 392 2198 425 2259; x_wconf 48' lang='lat' dir='ltr'>¹et</span> <span class='ocrx_word' id='word_1_182' title='bbox 445 2188 572 2253; x_wconf 85' lang='lat' dir='ltr'>studium</span> <span class='ocrx_word' id='word_1_183' title='bbox 598 2189 690 2266; x_wconf 90' lang='lat' dir='ltr'>ipsum</span> <span class='ocrx_word' id='word_1_184' title='bbox 712 2207 803 2271; x_wconf 84' lang='lat' dir='ltr'>nuper</span> <span class='ocrx_word' id='word_1_185' title='bbox 825 2186 970 2249; x_wconf 88' lang='lat' dir='ltr'>celebrari</span> <span class='ocrx_word' id='word_1_186' title='bbox 991 2191 1091 2273; x_wconf 85' lang='lat' dir='ltr'>coepit.</span> <span class='ocrx_word' id='word_1_187' title='bbox 1123 2186 1227 2262; x_wconf 85' lang='lat' dir='ltr'>Quint.</span> <span class='ocrx_word' id='word_1_188' title='bbox 1247 2192 1282 2260; x_wconf 85' lang='lat'>11,</span> <span class='ocrx_word' id='word_1_189' title='bbox 1311 2193 1361 2262; x_wconf 95' lang='grc'>10,</span> 
     </span>
     <span class='ocr_line' id='line_1_23' title="bbox 298 2266 1361 2350; baseline -0.003 -17"><span class='ocrx_word' id='word_1_190' title='bbox 298 2279 326 2333; x_wconf 86' lang='grc'><strong>5.</strong></span> <span class='ocrx_word' id='word_1_191' title='bbox 354 2276 405 2347; x_wconf 82' lang='lat' dir='ltr'>IX,</span> <span class='ocrx_word' id='word_1_192' title='bbox 427 2276 457 2346; x_wconf 82' lang='lat'>2,</span> <span class='ocrx_word' id='word_1_193' title='bbox 479 2272 526 2329; x_wconf 83' lang='lat'>77.</span> <span class='ocrx_word' id='word_1_194' title='bbox 553 2268 623 2328; x_wconf 86' lang='lat' dir='ltr'>Ero.</span> <span class='ocrx_word' id='word_1_195' title='bbox 652 2268 720 2328; x_wconf 84' lang='lat' dir='ltr'>Lex.</span> <span class='ocrx_word' id='word_1_196' title='bbox 747 2266 841 2329; x_wconf 85' lang='lat' dir='ltr'>techa.</span> <span class='ocrx_word' id='word_1_197' title='bbox 868 2269 929 2328; x_wconf 89' lang='lat' dir='ltr'>Lat.</span> <span class='ocrx_word' id='word_1_198' title='bbox 953 2290 976 2329; x_wconf 90' lang='lat' dir='ltr'>s.</span> <span class='ocrx_word' id='word_1_199' title='bbox 997 2273 1024 2328; x_wconf 76' lang='lat' dir='ltr'>i.</span> <span class='ocrx_word' id='word_1_200' title='bbox 1064 2267 1201 2350; x_wconf 84' lang='lat' dir='ltr'>Exempla</span> <span class='ocrx_word' id='word_1_201' title='bbox 1227 2269 1361 2330; x_wconf 81' lang='lat' dir='ltr'>offerunt</span> 
     </span>
     <span class='ocr_line' id='line_1_24' title="bbox 296 2348 1205 2430; baseline -0.008 -14"><span class='ocrx_word' id='word_1_202' title='bbox 296 2355 399 2416; x_wconf 82' lang='lat' dir='ltr'>Seuer.</span> <span class='ocrx_word' id='word_1_203' title='bbox 420 2349 582 2412; x_wconf 85' lang='lat' dir='ltr'>Controvv.</span> <span class='ocrx_word' id='word_1_204' title='bbox 600 2361 630 2409; x_wconf 89' lang='lat' dir='ltr'>et</span> <span class='ocrx_word' id='word_1_205' title='bbox 650 2349 774 2425; x_wconf 88' lang='lat' dir='ltr'>Quintil.</span> <span class='ocrx_word' id='word_1_206' title='bbox 785 2371 866 2430; x_wconf 75' lang='lat' dir='ltr'>-quae</span> <span class='ocrx_word' id='word_1_207' title='bbox 885 2348 1020 2411; x_wconf 83' lang='lat' dir='ltr'>feruntur</span> <span class='ocrx_word' id='word_1_208' title='bbox 1038 2351 1205 2424; x_wconf 86' lang='lat' dir='ltr'>Declamatt.</span> 
     </span>
     <span class='ocr_line' id='line_1_25' title="bbox 244 2426 1357 2513; baseline -0.005 -18"><span class='ocrx_word' id='word_1_209' title='bbox 244 2508 248 2513; x_wconf 9' lang='grc' dir='ltr'><strong><em>ἢ</em></strong></span> <span class='ocrx_word' id='word_1_210' title='bbox 264 2502 270 2509; x_wconf 18' lang='lat' dir='ltr'>x</span> <span class='ocrx_word' id='word_1_211' title='bbox 377 2433 427 2495; x_wconf 79' lang='lat' dir='ltr'>Ea</span> <span class='ocrx_word' id='word_1_212' title='bbox 443 2437 479 2493; x_wconf 88' lang='lat' dir='ltr'>iis</span> <span class='ocrx_word' id='word_1_213' title='bbox 489 2466 524 2480; x_wconf 87' lang='lat'>--</span> <span class='ocrx_word' id='word_1_214' title='bbox 534 2433 758 2511; x_wconf 82' lang='lat' dir='ltr'>controuersiae]</span> <span class='ocrx_word' id='word_1_215' title='bbox 777 2430 888 2492; x_wconf 83' lang='lat' dir='ltr'>ECod.</span> <span class='ocrx_word' id='word_1_216' title='bbox 903 2434 987 2492; x_wconf 83' lang='lat' dir='ltr'>Fara.</span> <span class='ocrx_word' id='word_1_217' title='bbox 1005 2431 1091 2493; x_wconf 88' lang='lat' dir='ltr'>verba</span> <span class='ocrx_word' id='word_1_218' title='bbox 1103 2432 1137 2492; x_wconf 92' lang='lat' dir='ltr'>ab</span> <span class='ocrx_word' id='word_1_219' title='bbox 1153 2432 1201 2491; x_wconf 76' lang='lat' dir='ltr'>Fac</span> <span class='ocrx_word' id='word_1_220' title='bbox 1212 2426 1357 2511; x_wconf 87' lang='lat' dir='ltr'>usquead</span> 
     </span>
     <span class='ocr_line' id='line_1_26' title="bbox 296 2511 1355 2595; baseline -0.005 -18"><span class='ocrx_word' id='word_1_221' title='bbox 296 2519 509 2577; x_wconf 81' lang='lat' dir='ltr'>controuersiae</span> <span class='ocrx_word' id='word_1_222' title='bbox 537 2513 634 2573; x_wconf 88' lang='lat' dir='ltr'>omiss.</span> <span class='ocrx_word' id='word_1_223' title='bbox 668 2513 698 2573; x_wconf 90' lang='lat' dir='ltr'>in</span> <span class='ocrx_word' id='word_1_224' title='bbox 725 2525 793 2574; x_wconf 77' lang='lat' dir='ltr'>cett.</span> <span class='ocrx_word' id='word_1_225' title='bbox 820 2511 912 2574; x_wconf 83' lang='lat' dir='ltr'>codd.</span> <span class='ocrx_word' id='word_1_226' title='bbox 941 2526 971 2575; x_wconf 87' lang='lat' dir='ltr'>et</span> <span class='ocrx_word' id='word_1_227' title='bbox 995 2514 1079 2577; x_wconf 78' lang='lat' dir='ltr'>Edd.·</span> <span class='ocrx_word' id='word_1_228' title='bbox 1102 2514 1216 2595; x_wconf 90' lang='lat' dir='ltr'>Lipsius</span> <span class='ocrx_word' id='word_1_229' title='bbox 1244 2512 1355 2594; x_wconf 88' lang='lat' dir='ltr'>primus</span> 
     </span>
     <span class='ocr_line' id='line_1_27' title="bbox 297 2595 1356 2694; baseline -0.006 -36"><span class='ocrx_word' id='word_1_230' title='bbox 297 2596 451 2694; x_wconf 88' lang='lat' dir='ltr'>supplerit.</span> <span class='ocrx_word' id='word_1_231' title='bbox 492 2595 587 2655; x_wconf 86' lang='lat' dir='ltr'>Verba</span> <span class='ocrx_word' id='word_1_232' title='bbox 607 2599 663 2654; x_wconf 89' lang='lat' dir='ltr'>etsi</span> <span class='ocrx_word' id='word_1_233' title='bbox 681 2607 819 2678; x_wconf 75' lang='lat' dir='ltr'>tauquam</span> <span class='ocrx_word' id='word_1_234' title='bbox 840 2595 1027 2656; x_wconf 82' lang='lat' dir='ltr'>offenderunt</span> <span class='ocrx_word' id='word_1_235' title='bbox 1046 2599 1108 2656; x_wconf 81' lang='lat' dir='ltr'>vv,</span> <span class='ocrx_word' id='word_1_236' title='bbox 1124 2598 1208 2668; x_wconf 75' lang='lat' dir='ltr'>tto,</span> <span class='ocrx_word' id='word_1_237' title='bbox 1230 2614 1356 2676; x_wconf 83' lang='lat' dir='ltr'>quorum</span> 
     </span>
     <span class='ocr_line' id='line_1_28' title="bbox 295 2674 1356 2752; baseline -0.006 -12"><span class='ocrx_word' id='word_1_238' title='bbox 295 2679 361 2752; x_wconf 79' lang='lat' dir='ltr'>alii,</span> <span class='ocrx_word' id='word_1_239' title='bbox 402 2691 436 2739; x_wconf 92' lang='lat' dir='ltr'>ut</span> <span class='ocrx_word' id='word_1_240' title='bbox 462 2678 568 2739; x_wconf 83' lang='lat' dir='ltr'>Mutet.</span> <span class='ocrx_word' id='word_1_241' title='bbox 596 2677 678 2737; x_wconf 81' lang='lat' dir='ltr'>acia.</span> <span class='ocrx_word' id='word_1_242' title='bbox 714 2677 847 2739; x_wconf 86' lang='lat' dir='ltr'>Freinsh.</span> <span class='ocrx_word' id='word_1_243' title='bbox 874 2679 979 2738; x_wconf 87' lang='lat' dir='ltr'>Heum.</span> <span class='ocrx_word' id='word_1_244' title='bbox 1008 2679 1078 2738; x_wconf 84' lang='lat' dir='ltr'>Era.</span> <span class='ocrx_word' id='word_1_245' title='bbox 1112 2677 1226 2739; x_wconf 75' lang='lat' dir='ltr'>Schula.</span> <span class='ocrx_word' id='word_1_246' title='bbox 1255 2674 1356 2737; x_wconf 85' lang='lat' dir='ltr'>Oberl.</span> 
     </span>
     <span class='ocr_line' id='line_1_29' title="bbox 296 2752 1355 2844; baseline -0.004 -23"><span class='ocrx_word' id='word_1_247' title='bbox 296 2761 386 2821; x_wconf 82' lang='lat' dir='ltr'>Belk.</span> <span class='ocrx_word' id='word_1_248' title='bbox 407 2762 503 2821; x_wconf 77' lang='lat' dir='ltr'>Boett.</span> <span class='ocrx_word' id='word_1_249' title='bbox 521 2771 550 2819; x_wconf 86' lang='lat' dir='ltr'>et</span> <span class='ocrx_word' id='word_1_250' title='bbox 571 2758 658 2818; x_wconf 89' lang='lat' dir='ltr'>Bacb.</span> <span class='ocrx_word' id='word_1_251' title='bbox 680 2752 736 2818; x_wconf 87' lang='lat' dir='ltr'>etsi</span> <span class='ocrx_word' id='word_1_252' title='bbox 755 2759 920 2835; x_wconf 86' lang='lat' dir='ltr'>eiecerunt,</span> <span class='ocrx_word' id='word_1_253' title='bbox 939 2759 986 2819; x_wconf 87' lang='lat' dir='ltr'>alii</span> <span class='ocrx_word' id='word_1_254' title='bbox 1006 2761 1088 2825; x_wconf 88' lang='lat' dir='ltr'>nucis</span> <span class='ocrx_word' id='word_1_255' title='bbox 1111 2770 1298 2844; x_wconf 77' lang='lat' dir='ltr'>saepserunt,</span> <span class='ocrx_word' id='word_1_256' title='bbox 1321 2768 1355 2818; x_wconf 88' lang='lat' dir='ltr'>ut</span> 
     </span>
     <span class='ocr_line' id='line_1_30' title="bbox 296 2835 1354 2922; baseline -0.005 -18"><span class='ocrx_word' id='word_1_257' title='bbox 296 2843 421 2904; x_wconf 79' lang='lat' dir='ltr'>Snsbod.</span> <span class='ocrx_word' id='word_1_258' title='bbox 450 2841 560 2902; x_wconf 88' lang='lat' dir='ltr'>Osann.</span> <span class='ocrx_word' id='word_1_259' title='bbox 589 2840 679 2901; x_wconf 88' lang='lat' dir='ltr'>Orell.</span> <span class='ocrx_word' id='word_1_260' title='bbox 707 2841 944 2922; x_wconf 67' lang='lat' dir='ltr'>rupertum,</span> <span class='ocrx_word' id='word_1_261' title='bbox 972 2842 1048 2902; x_wconf 86' lang='lat' dir='ltr'>Pitb&#39;.</span> <span class='ocrx_word' id='word_1_262' title='bbox 1068 2842 1235 2902; x_wconf 85' lang='lat' dir='ltr'>asteriscum</span> <span class='ocrx_word' id='word_1_263' title='bbox 1255 2835 1354 2921; x_wconf 89' lang='lat' dir='ltr'>posuit</span> 
     </span>
     <span class='ocr_line' id='line_1_31' title="bbox 283 2919 1353 3008; baseline -0.003 -25"><span class='ocrx_word' id='word_1_264' title='bbox 283 2936 365 3008; x_wconf 72' lang='lat' dir='ltr'>post</span> <span class='ocrx_word' id='word_1_265' title='bbox 384 2920 439 2982; x_wconf 82' lang='lat' dir='ltr'>etsi</span> <span class='ocrx_word' id='word_1_266' title='bbox 457 2921 569 3005; x_wconf 89' lang='lat' dir='ltr'>probat.</span> <span class='ocrx_word' id='word_1_267' title='bbox 590 2922 751 2996; x_wconf 83' lang='lat' dir='ltr'>Boetticb.,</span> <span class='ocrx_word' id='word_1_268' title='bbox 776 2923 823 2982; x_wconf 88' lang='lat' dir='ltr'>cui</span> <span class='ocrx_word' id='word_1_269' title='bbox 843 2946 931 3004; x_wconf 88' lang='lat' dir='ltr'>quum</span> <span class='ocrx_word' id='word_1_270' title='bbox 952 2923 1106 2984; x_wconf 89' lang='lat' dir='ltr'>verisimile</span> <span class='ocrx_word' id='word_1_271' title='bbox 1127 2923 1276 2996; x_wconf 84' lang='lat' dir='ltr'>videatur,</span> <span class='ocrx_word' id='word_1_272' title='bbox 1298 2919 1353 3003; x_wconf 76' lang='lat' dir='ltr'>sic-</span> 
     </span>
     <span class='ocr_line' id='line_1_32' title="bbox 294 3003 1351 3092; baseline -0.004 -25"><span class='ocrx_word' id='word_1_273' title='bbox 294 3017 330 3068; x_wconf 91' lang='lat' dir='ltr'>ut</span> <span class='ocrx_word' id='word_1_274' title='bbox 354 3003 571 3092; x_wconf 77' lang='lat' dir='ltr'>controversiae</span> <span class='ocrx_word' id='word_1_275' title='bbox 600 3004 818 3085; x_wconf 84' lang='lat' dir='ltr'>vituperentur,</span> <span class='ocrx_word' id='word_1_276' title='bbox 846 3006 887 3065; x_wconf 86' lang='lat' dir='ltr'>ita</span> <span class='ocrx_word' id='word_1_277' title='bbox 908 3004 993 3065; x_wconf 83' lang='lat' dir='ltr'>etia‘m</span> <span class='ocrx_word' id='word_1_278' title='bbox 1023 3005 1115 3067; x_wconf 87' lang='lat' dir='ltr'>simile</span> <span class='ocrx_word' id='word_1_279' title='bbox 1137 3004 1262 3086; x_wconf 83' lang='lat' dir='ltr'>quidde</span> <span class='ocrx_word' id='word_1_280' title='bbox 1284 3024 1351 3063; x_wconf 88' lang='lat' dir='ltr'>sua-</span> 
     </span>
     <span class='ocr_line' id='line_1_33' title="bbox 296 3082 1354 3168; baseline -0.006 -19"><span class='ocrx_word' id='word_1_281' title='bbox 296 3087 383 3149; x_wconf 84' lang='lat' dir='ltr'>soriis</span> <span class='ocrx_word' id='word_1_282' title='bbox 403 3087 541 3148; x_wconf 89' lang='lat' dir='ltr'>iniectum</span> <span class='ocrx_word' id='word_1_283' title='bbox 563 3107 644 3161; x_wconf 84' lang='lat' dir='ltr'>esse,</span> <span class='ocrx_word' id='word_1_284' title='bbox 671 3082 718 3145; x_wconf 81' lang='lat' dir='ltr'>rui</span> <span class='ocrx_word' id='word_1_285' title='bbox 738 3087 896 3149; x_wconf 88' lang='lat' dir='ltr'>sententiae</span> <span class='ocrx_word' id='word_1_286' title='bbox 915 3086 1011 3149; x_wconf 83' lang='lat' dir='ltr'>lavere</span> <span class='ocrx_word' id='word_1_287' title='bbox 1027 3088 1100 3148; x_wconf 82' lang='lat' dir='ltr'>dicit</span> <span class='ocrx_word' id='word_1_288' title='bbox 1119 3087 1197 3167; x_wconf 88' lang='lat' dir='ltr'>quod</span> <span class='ocrx_word' id='word_1_289' title='bbox 1214 3096 1354 3168; x_wconf 85' lang='lat' dir='ltr'>sequatur</span> 
     </span>
     <span class='ocr_line' id='line_1_34' title="bbox 292 3162 1426 3253; baseline -0.002 -24"><span class='ocrx_word' id='word_1_290' title='bbox 292 3172 381 3253; x_wconf 85' lang='lat' dir='ltr'>plane</span> <span class='ocrx_word' id='word_1_291' title='bbox 405 3169 424 3229; x_wconf 88' lang='lat' dir='ltr'>i.</span> <span class='ocrx_word' id='word_1_292' title='bbox 446 3188 471 3228; x_wconf 85' lang='lat' dir='ltr'>e.</span> <span class='ocrx_word' id='word_1_293' title='bbox 495 3166 615 3251; x_wconf 85' lang='lat' dir='ltr'>utique,</span> <span class='ocrx_word' id='word_1_294' title='bbox 642 3167 717 3227; x_wconf 91' lang='lat' dir='ltr'>doch</span> <span class='ocrx_word' id='word_1_295' title='bbox 743 3169 939 3251; x_wconf 78' lang='lat' dir='ltr'>wenigsteps,</span> <span class='ocrx_word' id='word_1_296' title='bbox 973 3162 1004 3228; x_wconf 87' lang='lat' dir='ltr'>in</span> <span class='ocrx_word' id='word_1_297' title='bbox 1023 3180 1176 3233; x_wconf 82' lang='lat' dir='ltr'>comment.</span> <span class='ocrx_word' id='word_1_298' title='bbox 1198 3169 1233 3226; x_wconf 90' lang='lat' dir='ltr'>de</span> <span class='ocrx_word' id='word_1_299' title='bbox 1252 3167 1302 3225; x_wconf 86' lang='lat' dir='ltr'>vit.</span> <span class='ocrx_word' id='word_1_300' title='bbox 1324 3176 1354 3227; x_wconf 87' lang='lat' dir='ltr'>et</span> <span class='ocrx_word' id='word_1_301' title='bbox 1425 3226 1426 3243; x_wconf 15' lang='grc' dir='ltr'><strong>ξ</strong></span> 
     </span>
     <span class='ocr_line' id='line_1_35' title="bbox 294 3248 1426 3346; baseline -0.003 -35"><span class='ocrx_word' id='word_1_302' title='bbox 294 3252 408 3332; x_wconf 89' lang='lat' dir='ltr'>scriptt.</span> <span class='ocrx_word' id='word_1_303' title='bbox 429 3251 509 3315; x_wconf 58' lang='lat' dir='ltr'>Tac„</span> <span class='ocrx_word' id='word_1_304' title='bbox 523 3271 551 3346; x_wconf 90' lang='lat' dir='ltr'>p.</span> <span class='ocrx_word' id='word_1_305' title='bbox 572 3255 620 3308; x_wconf 87' lang='grc'>86.</span> <span class='ocrx_word' id='word_1_306' title='bbox 640 3249 756 3309; x_wconf 86' lang='lat' dir='ltr'>exbibet</span> <span class='ocrx_word' id='word_1_307' title='bbox 782 3255 838 3309; x_wconf 85' lang='lat' dir='ltr'>etsi</span> <span class='ocrx_word' id='word_1_308' title='bbox 863 3293 941 3309; x_wconf 87' lang='lat'>....</span> <span class='ocrx_word' id='word_1_309' title='bbox 968 3261 1018 3310; x_wconf 89' lang='lat' dir='ltr'>tan</span> <span class='ocrx_word' id='word_1_310' title='bbox 1040 3272 1125 3324; x_wconf 81' lang='lat' dir='ltr'>uam3</span> <span class='ocrx_word' id='word_1_311' title='bbox 1152 3250 1184 3310; x_wconf 90' lang='lat' dir='ltr'>in</span> <span class='ocrx_word' id='word_1_312' title='bbox 1211 3262 1265 3334; x_wconf 79' lang='lat' dir='ltr'>qua</span> <span class='ocrx_word' id='word_1_313' title='bbox 1286 3270 1352 3329; x_wconf 86' lang='lat' dir='ltr'>sus·</span> <span class='ocrx_word' id='word_1_314' title='bbox 1425 3248 1426 3275; x_wconf 63' lang='lat'>¹</span> 
     </span>
     <span class='ocr_line' id='line_1_36' title="bbox 292 3276 1353 3415; baseline 0.001 -24"><span class='ocrx_word' id='word_1_315' title='bbox 292 3333 409 3415; x_wconf 90' lang='lat' dir='ltr'>picione</span> <span class='ocrx_word' id='word_1_316' title='bbox 431 3342 635 3411; x_wconf 74' lang='lat' dir='ltr'>assentientem</span> <span class='ocrx_word' id='word_1_317' title='bbox 657 3330 711 3390; x_wconf 83' lang='lat' dir='ltr'>sibi</span> <span class='ocrx_word' id='word_1_318' title='bbox 733 3329 833 3391; x_wconf 84' lang='lat' dir='ltr'>babuit</span> <span class='ocrx_word' id='word_1_319' title='bbox 852 3331 997 3394; x_wconf 82' lang='lat' dir='ltr'>Eclrstein.</span> <span class='ocrx_word' id='word_1_320' title='bbox 1018 3276 1109 3396; x_wconf 79' lang='lat' dir='ltr'>bret.</span> <span class='ocrx_word' id='word_1_321' title='bbox 1130 3335 1185 3396; x_wconf 86' lang='lat' dir='ltr'>etsi</span> <span class='ocrx_word' id='word_1_322' title='bbox 1202 3342 1353 3414; x_wconf 79' lang='lat' dir='ltr'>tamquam</span> 
     </span>
     <span class='ocr_line' id='line_1_37' title="bbox 294 3413 1002 3496; baseline -0.004 -19"><span class='ocrx_word' id='word_1_323' title='bbox 294 3435 331 3477; x_wconf 76' lang='lat' dir='ltr'>ex</span> <span class='ocrx_word' id='word_1_324' title='bbox 349 3419 391 3478; x_wconf 88' lang='lat' dir='ltr'>sic</span> <span class='ocrx_word' id='word_1_325' title='bbox 409 3424 557 3496; x_wconf 79' lang='lat' dir='ltr'>tamquam</span> <span class='ocrx_word' id='word_1_326' title='bbox 578 3424 748 3493; x_wconf 80' lang='lat' dir='ltr'>corruptum</span> <span class='ocrx_word' id='word_1_327' title='bbox 770 3413 931 3494; x_wconf 89' lang='lat' dir='ltr'>suspicatus</span> <span class='ocrx_word' id='word_1_328' title='bbox 950 3425 1002 3474; x_wconf 91' lang='lat' dir='ltr'>est.</span> 
     </span>
     <span class='ocr_line' id='line_1_38' title="bbox 373 3492 1426 3577; baseline -0.001 -21"><span class='ocrx_word' id='word_1_329' title='bbox 373 3495 591 3573; x_wconf 82' lang='lat' dir='ltr'>robustioribus]</span> <span class='ocrx_word' id='word_1_330' title='bbox 610 3495 755 3554; x_wconf 84' lang='lat' dir='ltr'>Robustus</span> <span class='ocrx_word' id='word_1_331' title='bbox 768 3512 853 3575; x_wconf 87' lang='lat' dir='ltr'>saepe</span> <span class='ocrx_word' id='word_1_332' title='bbox 866 3495 972 3555; x_wconf 88' lang='lat' dir='ltr'>dicitur</span> <span class='ocrx_word' id='word_1_333' title='bbox 991 3495 1027 3569; x_wconf 91' lang='lat' dir='ltr'>is,</span> <span class='ocrx_word' id='word_1_334' title='bbox 1051 3495 1102 3576; x_wconf 85' lang='lat' dir='ltr'>qui</span> <span class='ocrx_word' id='word_1_335' title='bbox 1116 3492 1253 3569; x_wconf 84' lang='lat' dir='ltr'>adolevit,</span> <span class='ocrx_word' id='word_1_336' title='bbox 1275 3493 1359 3555; x_wconf 72' lang='lat' dir='ltr'>nulia·</span> <span class='ocrx_word' id='word_1_337' title='bbox 1425 3562 1426 3577; x_wconf 43' lang='grc'><strong>,</strong></span> 
     </span>
     <span class='ocr_line' id='line_1_39' title="bbox 249 3574 1355 3658; baseline -0.005 -18"><span class='ocrx_word' id='word_1_338' title='bbox 249 3610 256 3629; x_wconf 66' lang='grc' dir='ltr'><em>ι</em></span> <span class='ocrx_word' id='word_1_339' title='bbox 294 3577 408 3641; x_wconf 67' lang='lat' dir='ltr'>monne</span> <span class='ocrx_word' id='word_1_340' title='bbox 428 3577 545 3637; x_wconf 91' lang='lat' dir='ltr'>roboris</span> <span class='ocrx_word' id='word_1_341' title='bbox 564 3574 666 3640; x_wconf 85' lang='lat' dir='ltr'>habita.</span> <span class='ocrx_word' id='word_1_342' title='bbox 694 3576 766 3640; x_wconf 88' lang='lat' dir='ltr'>Plin.</span> <span class='ocrx_word' id='word_1_343' title='bbox 786 3578 859 3658; x_wconf 81' lang='lat' dir='ltr'>Epp.</span> <span class='ocrx_word' id='word_1_344' title='bbox 880 3582 916 3650; x_wconf 86' lang='lat' dir='ltr'>X,</span> <span class='ocrx_word' id='word_1_345' title='bbox 938 3583 986 3651; x_wconf 86' lang='grc'>97,</span> <span class='ocrx_word' id='word_1_346' title='bbox 1006 3585 1033 3638; x_wconf 94' lang='grc'><strong>2.</strong></span> <span class='ocrx_word' id='word_1_347' title='bbox 1062 3598 1101 3636; x_wconf 90' lang='lat' dir='ltr'>an</span> <span class='ocrx_word' id='word_1_348' title='bbox 1145 3578 1282 3636; x_wconf 84' lang='lat' dir='ltr'>uamlr&#39;bet</span> <span class='ocrx_word' id='word_1_349' title='bbox 1308 3587 1355 3636; x_wconf 88' lang='lat' dir='ltr'>te-</span> 
     </span>
     <span class='ocr_line' id='line_1_40' title="bbox 249 3602 1352 3738; baseline -0.001 -19"><span class='ocrx_word' id='word_1_350' title='bbox 249 3664 254 3685; x_wconf 84' lang='lat'><em>’</em></span> <span class='ocrx_word' id='word_1_351' title='bbox 293 3664 359 3721; x_wconf 89' lang='lat' dir='ltr'>neri</span> <span class='ocrx_word' id='word_1_352' title='bbox 383 3661 457 3719; x_wconf 70' lang='lat' dir='ltr'>uitat</span> <span class='ocrx_word' id='word_1_353' title='bbox 482 3680 502 3718; x_wconf 93' lang='lat' dir='ltr'>a</span> <span class='ocrx_word' id='word_1_354' title='bbox 530 3659 737 3725; x_wconf 81' lang='lat' dir='ltr'>robustioribus</span> <span class='ocrx_word' id='word_1_355' title='bbox 756 3657 932 3738; x_wconf 68' lang='lat' dir='ltr'>disserenti·</span> <span class='ocrx_word' id='word_1_356' title='bbox 945 3658 1061 3721; x_wconf 85' lang='lat' dir='ltr'>Ruhnk.</span> <span class='ocrx_word' id='word_1_357' title='bbox 1089 3602 1186 3719; x_wconf 74' lang='lat' dir='ltr'>scint.</span> <span class='ocrx_word' id='word_1_358' title='bbox 1214 3659 1244 3718; x_wconf 91' lang='lat' dir='ltr'>in</span> <span class='ocrx_word' id='word_1_359' title='bbox 1271 3659 1352 3723; x_wconf 80' lang='lat' dir='ltr'>Suet.</span> 
     </span>
     <span class='ocr_line' id='line_1_41' title="bbox 291 3740 1353 3823; baseline 0 -22"><span class='ocrx_word' id='word_1_360' title='bbox 291 3740 363 3801; x_wconf 83' lang='lat' dir='ltr'>Ner.</span> <span class='ocrx_word' id='word_1_361' title='bbox 384 3749 431 3802; x_wconf 91' lang='grc'><strong>20.</strong></span> <span class='ocrx_word' id='word_1_362' title='bbox 471 3740 584 3823; x_wconf 81' lang='lat' dir='ltr'>Deinde</span> <span class='ocrx_word' id='word_1_363' title='bbox 609 3741 801 3815; x_wconf 84' lang='lat' dir='ltr'>robustiores,</span> <span class='ocrx_word' id='word_1_364' title='bbox 828 3752 862 3803; x_wconf 90' lang='lat' dir='ltr'>ut</span> <span class='ocrx_word' id='word_1_365' title='bbox 881 3740 908 3799; x_wconf 87' lang='lat' dir='ltr'>b.</span> <span class='ocrx_word' id='word_1_366' title='bbox 931 3740 968 3817; x_wconf 90' lang='lat' dir='ltr'>l.,</span> <span class='ocrx_word' id='word_1_367' title='bbox 997 3747 1066 3801; x_wconf 82' lang='lat' dir='ltr'>sunt</span> <span class='ocrx_word' id='word_1_368' title='bbox 1092 3741 1182 3823; x_wconf 84' lang='lat' dir='ltr'>magis</span> <span class='ocrx_word' id='word_1_369' title='bbox 1209 3740 1298 3801; x_wconf 87' lang='lat' dir='ltr'>adulti</span> <span class='ocrx_word' id='word_1_370' title='bbox 1321 3752 1353 3801; x_wconf 86' lang='lat' dir='ltr'>et</span> 
     </span>
     <span class='ocr_line' id='line_1_42' title="bbox 293 3821 1360 3904; baseline 0 -22"><span class='ocrx_word' id='word_1_371' title='bbox 293 3821 325 3882; x_wconf 91' lang='lat' dir='ltr'>in</span> <span class='ocrx_word' id='word_1_372' title='bbox 352 3821 458 3884; x_wconf 88' lang='lat' dir='ltr'>litteris</span> <span class='ocrx_word' id='word_1_373' title='bbox 486 3821 650 3896; x_wconf 81' lang='lat' dir='ltr'>exercitati,</span> <span class='ocrx_word' id='word_1_374' title='bbox 680 3821 755 3885; x_wconf 88' lang='lat' dir='ltr'>sicut</span> <span class='ocrx_word' id='word_1_375' title='bbox 781 3822 947 3904; x_wconf 82' lang='lat' dir='ltr'>saepissime</span> <span class='ocrx_word' id='word_1_376' title='bbox 973 3845 986 3882; x_wconf 87' lang='lat' dir='ltr'>a</span> <span class='ocrx_word' id='word_1_377' title='bbox 1009 3869 1015 3881; x_wconf 94' lang='lat'>.</span> <span class='ocrx_word' id='word_1_378' title='bbox 1044 3823 1146 3900; x_wconf 84' lang='lat' dir='ltr'>Quint.</span> <span class='ocrx_word' id='word_1_379' title='bbox 1172 3827 1207 3895; x_wconf 89' lang='lat' dir='ltr'>X,</span> <span class='ocrx_word' id='word_1_380' title='bbox 1236 3828 1262 3898; x_wconf 90' lang='grc'>1,</span> <span class='ocrx_word' id='word_1_381' title='bbox 1285 3827 1360 3893; x_wconf 62' lang='lat'>131„</span> 
     </span>
     <span class='ocr_line' id='line_1_43' title="bbox 294 3894 1426 3987; baseline 0.001 -24"><span class='ocrx_word' id='word_1_382' title='bbox 294 3894 355 3987; x_wconf 82' lang='lat' dir='ltr'>iarn</span> <span class='ocrx_word' id='word_1_383' title='bbox 385 3905 509 3967; x_wconf 85' lang='lat' dir='ltr'>robustis</span> <span class='ocrx_word' id='word_1_384' title='bbox 536 3913 564 3969; x_wconf 84' lang='lat' dir='ltr'>et</span> <span class='ocrx_word' id='word_1_385' title='bbox 588 3907 729 3962; x_wconf 73' lang='lat' dir='ltr'>seueriore</span> <span class='ocrx_word' id='word_1_386' title='bbox 749 3924 854 3978; x_wconf 70' lang='lat' dir='ltr'>genere</span> <span class='ocrx_word' id='word_1_387' title='bbox 878 3909 952 3965; x_wconf 84' lang='lat' dir='ltr'>satis</span> <span class='ocrx_word' id='word_1_388' title='bbox 990 3909 1105 3964; x_wconf 81' lang='lat' dir='ltr'>rrnratls</span> <span class='ocrx_word' id='word_1_389' title='bbox 1127 3904 1263 3979; x_wconf 75' lang='lat' dir='ltr'>legendus</span> <span class='ocrx_word' id='word_1_390' title='bbox 1283 3905 1351 3984; x_wconf 84' lang='lat' dir='ltr'>(Se·</span> <span class='ocrx_word' id='word_1_391' title='bbox 1425 3900 1426 3973; x_wconf 57' lang='grc' dir='ltr'>ἶ</span> 
     </span>
     <span class='ocr_line' id='line_1_44' title="bbox 293 3978 1426 4068; baseline 0.001 -23"><span class='ocrx_word' id='word_1_392' title='bbox 293 3981 387 4067; x_wconf 86' lang='lat' dir='ltr'>neca).</span> <span class='ocrx_word' id='word_1_393' title='bbox 411 3992 439 4059; x_wconf 83' lang='lat' dir='ltr'>b,</span> <span class='ocrx_word' id='word_1_394' title='bbox 457 3990 480 4044; x_wconf 92' lang='grc'>1.</span> <span class='ocrx_word' id='word_1_395' title='bbox 503 4007 559 4068; x_wconf 77' lang='lat' dir='ltr'>quo</span> <span class='ocrx_word' id='word_1_396' title='bbox 578 3985 769 4051; x_wconf 86' lang='lat' dir='ltr'>robustiorum</span> <span class='ocrx_word' id='word_1_397' title='bbox 790 3985 893 4049; x_wconf 85' lang='lat' dir='ltr'>studiis</span> <span class='ocrx_word' id='word_1_398' title='bbox 914 3986 1041 4045; x_wconf 86' lang='lat' dir='ltr'>ordinem</span> <span class='ocrx_word' id='word_1_399' title='bbox 1060 3985 1199 4046; x_wconf 84' lang='lat' dir='ltr'>dedimus.</span> <span class='ocrx_word' id='word_1_400' title='bbox 1219 3990 1242 4061; x_wconf 84' lang='lat'>1,</span> <span class='ocrx_word' id='word_1_401' title='bbox 1261 3991 1351 4061; x_wconf 81' lang='lat'>12,1.</span> <span class='ocrx_word' id='word_1_402' title='bbox 1425 3978 1426 4001; x_wconf 55' lang='lat'>¹</span> 
     </span>
    </p>
   </div>
   <div class='ocr_carea' id='block_1_4' title="bbox 259 4065 1349 4152">
    <p class='ocr_par' dir='ltr' id='par_1_4' title="bbox 186 4050 1349 4152">
     <span class='ocr_line' id='line_1_45' title="bbox 259 4065 1349 4152; baseline 0.003 -27.812"><span class='ocrx_word' id='word_1_403' title='bbox 259 4128 265 4132; x_wconf 68' lang='grc'><strong>,</strong></span> <span class='ocrx_word' id='word_1_404' title='bbox 292 4069 329 4138; x_wconf 91' lang='lat' dir='ltr'>ll,</span> <span class='ocrx_word' id='word_1_405' title='bbox 352 4073 381 4152; x_wconf 87' lang='grc'>2,</span> <span class='ocrx_word' id='word_1_406' title='bbox 406 4070 452 4132; x_wconf 87' lang='grc'>14.</span> <span class='ocrx_word' id='word_1_407' title='bbox 473 4066 508 4125; x_wconf 85' lang='lat' dir='ltr'>al.</span> <span class='ocrx_word' id='word_1_408' title='bbox 552 4065 602 4127; x_wconf 83' lang='lat' dir='ltr'>stc</span> <span class='ocrx_word' id='word_1_409' title='bbox 623 4068 711 4127; x_wconf 88' lang='lat' dir='ltr'>robur</span> <span class='ocrx_word' id='word_1_410' title='bbox 730 4066 765 4126; x_wconf 88' lang='lat' dir='ltr'>ad</span> <span class='ocrx_word' id='word_1_411' title='bbox 786 4067 933 4148; x_wconf 69' lang='lat' dir='ltr'>ingenium</span> <span class='ocrx_word' id='word_1_412' title='bbox 954 4067 1143 4128; x_wconf 79' lang='lat' dir='ltr'>transfertur:</span> <span class='ocrx_word' id='word_1_413' title='bbox 1172 4066 1349 4152; x_wconf 76' lang='lat' dir='ltr'>Tacbgric.</span> 
     </span>
    </p>
   </div>
   <div class='ocr_carea' id='block_1_5' title="bbox 290 4132 1350 4310">
    <p class='ocr_par' dir='ltr' id='par_1_5' title="bbox 290 4132 1350 4310">
     <span class='ocr_line' id='line_1_46' title="bbox 292 4132 1350 4229; baseline -0.038 -17"><span class='ocrx_word' id='word_1_414' title='bbox 292 4154 322 4211; x_wconf 80' lang='lat' dir='ltr'>b.</span> <span class='ocrx_word' id='word_1_415' title='bbox 344 4169 367 4208; x_wconf 86' lang='lat' dir='ltr'>c.</span> <span class='ocrx_word' id='word_1_416' title='bbox 381 4157 486 4207; x_wconf 78' lang='lat' dir='ltr'>‘annot</span> <span class='ocrx_word' id='word_1_417' title='bbox 506 4147 625 4209; x_wconf 87' lang='lat' dir='ltr'>Walcb.</span> <span class='ocrx_word' id='word_1_418' title='bbox 647 4148 782 4213; x_wconf 72' lang='lat' dir='ltr'>utbirch.</span> <span class='ocrx_word' id='word_1_419' title='bbox 804 4132 907 4228; x_wconf 75' lang='lat' dir='ltr'>Quinc,</span> <span class='ocrx_word' id='word_1_420' title='bbox 928 4150 967 4229; x_wconf 65' lang='grc' dir='ltr'>Χ,</span> <span class='ocrx_word' id='word_1_421' title='bbox 989 4155 1017 4228; x_wconf 59' lang='lat'>1,</span> <span class='ocrx_word' id='word_1_422' title='bbox 1037 4137 1086 4213; x_wconf 50' lang='lat'>43,</span> <span class='ocrx_word' id='word_1_423' title='bbox 1113 4150 1202 4212; x_wconf 59' lang='grc' dir='ltr'>,υόω</span> <span class='ocrx_word' id='word_1_424' title='bbox 1220 4152 1290 4210; x_wconf 56' lang='lat' dir='ltr'>,pm</span> <span class='ocrx_word' id='word_1_425' title='bbox 1306 4149 1350 4211; x_wconf 49' lang='grc' dir='ltr'><strong>ὠ..</strong></span> 
     </span>
     <span class='ocr_line' id='line_1_47' title="bbox 290 4227 1279 4310; baseline -0.063 1"><span class='ocrx_word' id='word_1_426' title='bbox 290 4251 378 4310; x_wconf 77' lang='lat' dir='ltr'>trun</span> <span class='ocrx_word' id='word_1_427' title='bbox 398 4228 515 4292; x_wconf 70' lang='lat' dir='ltr'>ubi&#39;rd.</span> <span class='ocrx_word' id='word_1_428' title='bbox 534 4227 653 4293; x_wconf 82' lang='lat' dir='ltr'>Herbst.</span> <span class='ocrx_word' id='word_1_429' title='bbox 1081 4242 1085 4249; x_wconf 86' lang='lat'><em>-</em></span> <span class='ocrx_word' id='word_1_430' title='bbox 1270 4240 1279 4265; x_wconf 29' lang='lat' dir='ltr'>‚f</span> 
     </span>
    </p>
   </div>
   <div class='ocr_carea' id='block_1_6' title="bbox 0 0 1468 4810">
    <p class='ocr_par' dir='ltr' id='par_1_6' title="bbox 0 0 1468 4810">
     <span class='ocr_line' id='line_1_48' title="bbox 0 0 1468 4810; baseline 0 0"><span class='ocrx_word' id='word_1_431' title='bbox 0 0 1468 4810; x_wconf 95' lang='lat' dir='ltr'> </span> 
     </span>
    </p>
   </div>
  </div>
 </body>
</html>
