<?xml version="1.0" encoding="UTF-8"?>
<!DOCTYPE html PUBLIC "-//W3C//DTD XHTML 1.0 Transitional//EN"
    "http://www.w3.org/TR/xhtml1/DTD/xhtml1-transitional.dtd">
<html xmlns="http://www.w3.org/1999/xhtml" xml:lang="en" lang="en">
 <head>
  <title>
</title>
<meta http-equiv="Content-Type" content="text/html;charset=utf-8" />
  <meta name='ocr-system' content='tesseract 3.04.00' />
  <meta name='ocr-capabilities' content='ocr_page ocr_carea ocr_par ocr_line ocrx_word'/>
</head>
<body>
  <div class='ocr_page' id='page_1' title='image "./ccorneliitaciti00hessgoog_0159.png"; bbox 0 0 2970 4808; ppageno 0'>
   <div class='ocr_carea' id='block_1_1' title="bbox 265 231 1019 357">
    <p class='ocr_par' dir='ltr' id='par_1_1' title="bbox 265 231 1019 357">
     <span class='ocr_line' id='line_1_1' title="bbox 265 231 1019 357; baseline -0.003 -20"><span class='ocrx_word' id='word_1_1' title='bbox 265 277 333 339; x_wconf 73' lang='lat' dir='ltr'><em>atu</em></span> <span class='ocrx_word' id='word_1_2' title='bbox 593 274 751 357; x_wconf 76' lang='lat' dir='ltr'><em>Dialogus</em></span> <span class='ocrx_word' id='word_1_3' title='bbox 774 277 811 336; x_wconf 79' lang='lat' dir='ltr'><em>ae</em></span> <span class='ocrx_word' id='word_1_4' title='bbox 836 231 1019 336; x_wconf 76' lang='lat' dir='ltr'><em>Oratoribus</em></span> 
     </span>
    </p>
   </div>
   <div class='ocr_carea' id='block_1_2' title="bbox 267 424 1399 631">
    <p class='ocr_par' dir='ltr' id='par_1_2' title="bbox 267 424 1399 631">
     <span class='ocr_line' id='line_1_2' title="bbox 267 424 1352 526; baseline 0.006 -35"><span class='ocrx_word' id='word_1_5' title='bbox 267 459 308 509; x_wconf 54' lang='lat' dir='ltr'><em>px</em></span> <span class='ocrx_word' id='word_1_6' title='bbox 323 456 367 504; x_wconf 62' lang='lat' dir='ltr'><em>,ea</em></span> <span class='ocrx_word' id='word_1_7' title='bbox 387 426 667 526; x_wconf 65' lang='lat' dir='ltr'><em>locumaliquetu</em></span> <span class='ocrx_word' id='word_1_8' title='bbox 686 424 828 512; x_wconf 78' lang='lat' dir='ltr'><em>orationi</em></span> <span class='ocrx_word' id='word_1_9' title='bbox 851 454 937 501; x_wconf 83' lang='lat' dir='ltr'><em>suno</em></span> <span class='ocrx_word' id='word_1_10' title='bbox 953 428 1148 515; x_wconf 52' lang='lat' dir='ltr'><em>insererem</em></span> <span class='ocrx_word' id='word_1_11' title='bbox 1161 425 1197 499; x_wconf 91' lang='lat' dir='ltr'><em>in</em></span> <span class='ocrx_word' id='word_1_12' title='bbox 1220 425 1352 505; x_wconf 84' lang='lat' dir='ltr'><em>eaelum</em></span> 
     </span>
     <span class='ocr_line' id='line_1_3' title="bbox 269 525 1399 631; baseline -0.005 -28"><span class='ocrx_word' id='word_1_13' title='bbox 269 528 427 611; x_wconf 83' lang='lat' dir='ltr'>laudibus</span> <span class='ocrx_word' id='word_1_14' title='bbox 447 527 648 617; x_wconf 66' lang='lat' dir='ltr'><em>serebatur.⁴</em></span> <span class='ocrx_word' id='word_1_15' title='bbox 674 528 743 599; x_wconf 87' lang='lat' dir='ltr'><em>Nec</em></span> <span class='ocrx_word' id='word_1_16' title='bbox 767 526 906 623; x_wconf 73' lang='lat' dir='ltr'><em>naisum:</em></span> <span class='ocrx_word' id='word_1_17' title='bbox 934 544 1027 631; x_wconf 84' lang='lat' dir='ltr'><em>erant</em></span> <span class='ocrx_word' id='word_1_18' title='bbox 1048 527 1135 599; x_wconf 80' lang='lat' dir='ltr'><em>eninr</em></span> <span class='ocrx_word' id='word_1_19' title='bbox 1159 525 1241 598; x_wconf 88' lang='lat' dir='ltr'><em>baec</em></span> <span class='ocrx_word' id='word_1_20' title='bbox 1263 553 1352 598; x_wconf 83' lang='lat' dir='ltr'><em>nora</em></span> <span class='ocrx_word' id='word_1_21' title='bbox 1392 558 1399 577; x_wconf 90' lang='lat'><strong>·</strong></span> 
     </span>
    </p>
   </div>
   <div class='ocr_carea' id='block_1_3' title="bbox 167 686 1481 4269">
    <p class='ocr_par' dir='ltr' id='par_1_3' title="bbox 167 686 1481 4269">
     <span class='ocr_line' id='line_1_4' title="bbox 271 686 1353 775; baseline -0.003 -16"><span class='ocrx_word' id='word_1_22' title='bbox 271 707 474 769; x_wconf 84' lang='lat' dir='ltr'><em>converterat,</em></span> <span class='ocrx_word' id='word_1_23' title='bbox 502 692 587 754; x_wconf 80' lang='lat' dir='ltr'><em>euius</em></span> <span class='ocrx_word' id='word_1_24' title='bbox 618 691 860 774; x_wconf 77' lang='lat' dir='ltr'><strong>interpretatione</strong></span> <span class='ocrx_word' id='word_1_25' title='bbox 886 695 1025 755; x_wconf 86' lang='lat' dir='ltr'><em>utebatur</em></span> <span class='ocrx_word' id='word_1_26' title='bbox 1044 688 1266 769; x_wconf 78' lang='lat' dir='ltr'><strong>Quintilianus,</strong></span> <span class='ocrx_word' id='word_1_27' title='bbox 1295 686 1353 775; x_wconf 68' lang='lat' dir='ltr'><em>uun</em></span> 
     </span>
     <span class='ocr_line' id='line_1_5' title="bbox 269 776 1352 854; baseline -0.005 -14"><span class='ocrx_word' id='word_1_28' title='bbox 269 777 512 841; x_wconf 60' lang='lat' dir='ltr'><em>verisimillimum</em></span> <span class='ocrx_word' id='word_1_29' title='bbox 534 787 580 834; x_wconf 89' lang='lat' dir='ltr'><em>est</em></span> <span class='ocrx_word' id='word_1_30' title='bbox 600 796 651 835; x_wconf 92' lang='lat' dir='ltr'><em>eos</em></span> <span class='ocrx_word' id='word_1_31' title='bbox 668 788 770 834; x_wconf 86' lang='lat' dir='ltr'><em>auctos</em></span> <span class='ocrx_word' id='word_1_32' title='bbox 791 788 838 849; x_wconf 88' lang='lat' dir='ltr'><em>et,</em></span> <span class='ocrx_word' id='word_1_33' title='bbox 866 797 956 854; x_wconf 85' lang='lat' dir='ltr'><em>quum</em></span> <span class='ocrx_word' id='word_1_34' title='bbox 977 776 1138 835; x_wconf 81' lang='lat' dir='ltr'><em>aridissimi.</em></span> <span class='ocrx_word' id='word_1_35' title='bbox 1152 789 1270 851; x_wconf 77' lang='lat' dir='ltr'><strong>essent,</strong></span> <span class='ocrx_word' id='word_1_36' title='bbox 1298 798 1352 836; x_wconf 86' lang='lat' dir='ltr'><em>co-</em></span> 
     </span>
     <span class='ocr_line' id='line_1_6' title="bbox 268 856 1356 942; baseline -0.002 -23"><span class='ocrx_word' id='word_1_37' title='bbox 268 860 383 942; x_wconf 85' lang='lat' dir='ltr'><em>piosius</em></span> <span class='ocrx_word' id='word_1_38' title='bbox 416 870 446 918; x_wconf 89' lang='lat' dir='ltr'><strong>et</strong></span> <span class='ocrx_word' id='word_1_39' title='bbox 476 856 608 917; x_wconf 81' lang='lat' dir='ltr'><em>ornatius</em></span> <span class='ocrx_word' id='word_1_40' title='bbox 639 857 785 936; x_wconf 83' lang='lat' dir='ltr'><em>expolitos</em></span> <span class='ocrx_word' id='word_1_41' title='bbox 813 877 887 917; x_wconf 88' lang='lat' dir='ltr'><em>esse.</em></span> <span class='ocrx_word' id='word_1_42' title='bbox 928 857 1032 931; x_wconf 79' lang='lat' dir='ltr'><em>Quint.</em></span> <span class='ocrx_word' id='word_1_43' title='bbox 1059 857 1080 916; x_wconf 94' lang='lat' dir='ltr'><em>l.</em></span> <span class='ocrx_word' id='word_1_44' title='bbox 1101 856 1121 916; x_wconf 92' lang='lat' dir='ltr'><em>l.</em></span> <span class='ocrx_word' id='word_1_45' title='bbox 1150 856 1178 939; x_wconf 63' lang='lat'><em>5.</em></span> <span class='ocrx_word' id='word_1_46' title='bbox 1202 864 1250 918; x_wconf 87' lang='grc'><em>18.</em></span> <span class='ocrx_word' id='word_1_47' title='bbox 1291 857 1356 917; x_wconf 82' lang='lat' dir='ltr'><em>Sed</em></span> 
     </span>
     <span class='ocr_line' id='line_1_7' title="bbox 238 939 1353 1021; baseline -0.002 -20"><span class='ocrx_word' id='word_1_48' title='bbox 238 988 242 992; x_wconf 73' lang='lat'><em>,</em></span> <span class='ocrx_word' id='word_1_49' title='bbox 271 940 447 1021; x_wconf 75' lang='lat' dir='ltr'><em>Apollodori</em></span> <span class='ocrx_word' id='word_1_50' title='bbox 471 948 631 1020; x_wconf 83' lang='lat' dir='ltr'><em>praccepta</em></span> <span class='ocrx_word' id='word_1_51' title='bbox 659 943 760 1013; x_wconf 87' lang='lat' dir='ltr'><em>magis.</em></span> <span class='ocrx_word' id='word_1_52' title='bbox 783 950 821 996; x_wconf 74' lang='lat' dir='ltr'><em>ex</em></span> <span class='ocrx_word' id='word_1_53' title='bbox 850 939 999 1019; x_wconf 77' lang='lat' dir='ltr'><em>discipulis</em></span> <span class='ocrx_word' id='word_1_54' title='bbox 1026 948 1202 1013; x_wconf 75' lang='lat' dir='ltr'><em>cognoscas,</em></span> <span class='ocrx_word' id='word_1_55' title='bbox 1231 961 1353 1021; x_wconf 78' lang='lat' dir='ltr'><em>quorum</em></span> 
     </span>
     <span class='ocr_line' id='line_1_8' title="bbox 273 1019 1354 1097; baseline -0.003 -16"><span class='ocrx_word' id='word_1_56' title='bbox 273 1022 511 1096; x_wconf 73' lang='lat' dir='ltr'><em>diligentissimus</em></span> <span class='ocrx_word' id='word_1_57' title='bbox 538 1023 568 1077; x_wconf 86' lang='lat' dir='ltr'><em>in</em></span> <span class='ocrx_word' id='word_1_58' title='bbox 602 1020 709 1078; x_wconf 82' lang='lat' dir='ltr'><em>Latina</em></span> <span class='ocrx_word' id='word_1_59' title='bbox 735 1020 880 1078; x_wconf 83' lang='lat' dir='ltr'><em>tradenda</em></span> <span class='ocrx_word' id='word_1_60' title='bbox 902 1020 966 1097; x_wconf 72' lang='lat' dir='ltr'><em>ficit</em></span> <span class='ocrx_word' id='word_1_61' title='bbox 1003 1019 1035 1077; x_wconf 88' lang='lat' dir='ltr'><em>C.</em></span> <span class='ocrx_word' id='word_1_62' title='bbox 1065 1022 1202 1094; x_wconf 77' lang='lat' dir='ltr'><em>Valgius,</em></span> <span class='ocrx_word' id='word_1_63' title='bbox 1238 1020 1354 1081; x_wconf 79' lang='lat' dir='ltr'><em>Graeca</em></span> 
     </span>
     <span class='ocr_line' id='line_1_9' title="bbox 271 1099 1355 1183; baseline -0.002 -21"><span class='ocrx_word' id='word_1_64' title='bbox 271 1104 396 1167; x_wconf 80' lang='lat' dir='ltr'><em>Atticus.</em></span> <span class='ocrx_word' id='word_1_65' title='bbox 437 1101 628 1180; x_wconf 84' lang='lat' dir='ltr'><em>Namipsius</em></span> <span class='ocrx_word' id='word_1_66' title='bbox 647 1103 711 1160; x_wconf 86' lang='lat' dir='ltr'><em>sola</em></span> <span class='ocrx_word' id='word_1_67' title='bbox 732 1101 844 1161; x_wconf 82' lang='lat' dir='ltr'><em>ridetur</em></span> <span class='ocrx_word' id='word_1_68' title='bbox 863 1099 924 1160; x_wconf 82' lang='lat' dir='ltr'><em>Ars</em></span> <span class='ocrx_word' id='word_1_69' title='bbox 945 1100 1027 1159; x_wconf 80' lang='lat' dir='ltr'><em>adita</em></span> <span class='ocrx_word' id='word_1_70' title='bbox 1047 1101 1090 1159; x_wconf 89' lang='lat' dir='ltr'><em>ad</em></span> <span class='ocrx_word' id='word_1_71' title='bbox 1108 1103 1255 1173; x_wconf 85' lang='lat' dir='ltr'><em>Matium,</em></span> <span class='ocrx_word' id='word_1_72' title='bbox 1283 1105 1355 1183; x_wconf 82' lang='lat' dir='ltr'><em>quia</em></span> 
     </span>
     <span class='ocr_line' id='line_1_10' title="bbox 273 1181 1356 1260; baseline -0.004 -15"><span class='ocrx_word' id='word_1_73' title='bbox 273 1184 388 1245; x_wconf 75' lang='lat' dir='ltr'><em>ceteras</em></span> <span class='ocrx_word' id='word_1_74' title='bbox 408 1187 497 1241; x_wconf 86' lang='lat' dir='ltr'><em>missa</em></span> <span class='ocrx_word' id='word_1_75' title='bbox 526 1182 569 1240; x_wconf 87' lang='lat' dir='ltr'><em>ad</em></span> <span class='ocrx_word' id='word_1_76' title='bbox 593 1181 755 1245; x_wconf 76' lang='lat' dir='ltr'><em>Domitium</em></span> <span class='ocrx_word' id='word_1_77' title='bbox 785 1183 909 1260; x_wconf 80' lang='lat' dir='ltr'><em>epistola</em></span> <span class='ocrx_word' id='word_1_78' title='bbox 936 1203 993 1241; x_wconf 86' lang='lat' dir='ltr'><em>non</em></span> <span class='ocrx_word' id='word_1_79' title='bbox 1015 1186 1161 1255; x_wconf 79' lang='lat' dir='ltr'><em>agnoscit.</em></span> <span class='ocrx_word' id='word_1_80' title='bbox 1210 1182 1356 1243; x_wconf 78' lang='lat' dir='ltr'><em>veneficii</em></span> 
     </span>
     <span class='ocr_line' id='line_1_11' title="bbox 273 1258 1354 1338; baseline -0.005 -12"><span class='ocrx_word' id='word_1_81' title='bbox 273 1258 343 1326; x_wconf 65' lang='lat' dir='ltr'><em>fens</em></span> <span class='ocrx_word' id='word_1_82' title='bbox 362 1265 455 1337; x_wconf 84' lang='lat' dir='ltr'><em>sactus</em></span> <span class='ocrx_word' id='word_1_83' title='bbox 471 1266 506 1322; x_wconf 65' lang='lat' dir='ltr'><strong>‘et</strong></span> <span class='ocrx_word' id='word_1_84' title='bbox 525 1263 687 1336; x_wconf 87' lang='lat' dir='ltr'><em>damnatus,</em></span> <span class='ocrx_word' id='word_1_85' title='bbox 706 1262 775 1322; x_wconf 84' lang='lat' dir='ltr'><em>lieet</em></span> <span class='ocrx_word' id='word_1_86' title='bbox 789 1262 827 1321; x_wconf 87' lang='lat' dir='ltr'><em>ab</em></span> <span class='ocrx_word' id='word_1_87' title='bbox 849 1261 954 1322; x_wconf 81' lang='lat' dir='ltr'><em>Asinio</em></span> <span class='ocrx_word' id='word_1_88' title='bbox 977 1263 1112 1323; x_wconf 79' lang='lat' dir='ltr'><em>Pollione</em></span> <span class='ocrx_word' id='word_1_89' title='bbox 1134 1263 1354 1338; x_wconf 72' lang='lat' dir='ltr'><strong>defenderetur,</strong></span> 
     </span>
     <span class='ocr_line' id='line_1_12' title="bbox 273 1342 1356 1424; baseline -0.006 -16"><span class='ocrx_word' id='word_1_90' title='bbox 273 1346 432 1408; x_wconf 78' lang='lat' dir='ltr'><em>Massiliam</em></span> <span class='ocrx_word' id='word_1_91' title='bbox 454 1366 485 1404; x_wconf 90' lang='lat' dir='ltr'><em>se</em></span> <span class='ocrx_word' id='word_1_92' title='bbox 506 1342 650 1416; x_wconf 87' lang='lat' dir='ltr'><em>contulit,</em></span> <span class='ocrx_word' id='word_1_93' title='bbox 676 1344 727 1402; x_wconf 91' lang='lat' dir='ltr'><em>ubi</em></span> <span class='ocrx_word' id='word_1_94' title='bbox 751 1344 926 1403; x_wconf 83' lang='lat' dir='ltr'><em>rhetoricam</em></span> <span class='ocrx_word' id='word_1_95' title='bbox 946 1344 1048 1403; x_wconf 88' lang='lat' dir='ltr'><em>docuit</em></span> <span class='ocrx_word' id='word_1_96' title='bbox 1068 1344 1185 1424; x_wconf 88' lang='lat' dir='ltr'><em>(Senec.</em></span> <span class='ocrx_word' id='word_1_97' title='bbox 1209 1342 1356 1419; x_wconf 72' lang='lat' dir='ltr'><em>Contror.</em></span> 
     </span>
     <span class='ocr_line' id='line_1_13' title="bbox 248 1423 1357 1507; baseline -0.004 -20"><span class='ocrx_word' id='word_1_98' title='bbox 248 1430 312 1500; x_wconf 63' lang='lat' dir='ltr'><em>,tt</em></span> <span class='ocrx_word' id='word_1_99' title='bbox 338 1434 384 1487; x_wconf 83' lang='lat'><em>13.</em></span> <span class='ocrx_word' id='word_1_100' title='bbox 408 1448 436 1507; x_wconf 92' lang='lat' dir='ltr'><em>p.</em></span> <span class='ocrx_word' id='word_1_101' title='bbox 461 1432 527 1484; x_wconf 77' lang='lat'><strong>180.</strong></span> <span class='ocrx_word' id='word_1_102' title='bbox 547 1423 627 1505; x_wconf 86' lang='lat' dir='ltr'><em>Bip.)</em></span> <span class='ocrx_word' id='word_1_103' title='bbox 649 1437 679 1484; x_wconf 88' lang='lat' dir='ltr'><em>et</em></span> <span class='ocrx_word' id='word_1_104' title='bbox 698 1432 739 1484; x_wconf 86' lang='grc'><em>82</em></span> <span class='ocrx_word' id='word_1_105' title='bbox 760 1446 852 1484; x_wconf 90' lang='lat' dir='ltr'><em>annos</em></span> <span class='ocrx_word' id='word_1_106' title='bbox 874 1437 958 1485; x_wconf 87' lang='lat' dir='ltr'><em>uatus</em></span> <span class='ocrx_word' id='word_1_107' title='bbox 978 1438 1103 1485; x_wconf 87' lang='lat' dir='ltr'><em>mortem</em></span> <span class='ocrx_word' id='word_1_108' title='bbox 1128 1425 1202 1485; x_wconf 89' lang='lat' dir='ltr'><em>obiit</em></span> <span class='ocrx_word' id='word_1_109' title='bbox 1222 1425 1357 1506; x_wconf 84' lang='lat' dir='ltr'><em>(Lucian.</em></span> 
     </span>
     <span class='ocr_line' id='line_1_14' title="bbox 277 1503 1357 1588; baseline -0.001 -18"><span class='ocrx_word' id='word_1_110' title='bbox 277 1508 406 1570; x_wconf 85' lang='lat' dir='ltr'><em>blacrob.</em></span> <span class='ocrx_word' id='word_1_111' title='bbox 428 1529 471 1587; x_wconf 87' lang='lat' dir='ltr'><em>cp.</em></span> <span class='ocrx_word' id='word_1_112' title='bbox 495 1504 569 1585; x_wconf 82' lang='lat'><strong>23.).</strong></span> <span class='ocrx_word' id='word_1_113' title='bbox 612 1503 657 1566; x_wconf 88' lang='lat' dir='ltr'><em>Cs.</em></span> <span class='ocrx_word' id='word_1_114' title='bbox 681 1506 829 1588; x_wconf 76' lang='lat' dir='ltr'><em>Spalding.</em></span> <span class='ocrx_word' id='word_1_115' title='bbox 851 1507 885 1565; x_wconf 91' lang='lat' dir='ltr'><em>ad</em></span> <span class='ocrx_word' id='word_1_116' title='bbox 908 1506 1012 1580; x_wconf 84' lang='lat' dir='ltr'><strong>Quint.</strong></span> <span class='ocrx_word' id='word_1_117' title='bbox 1034 1506 1092 1566; x_wconf 83' lang='grc' dir='ltr'><em>ΙΙ.</em></span> <span class='ocrx_word' id='word_1_118' title='bbox 1121 1507 1290 1567; x_wconf 83' lang='lat' dir='ltr'><em>Weiclrert.</em></span> <span class='ocrx_word' id='word_1_119' title='bbox 1320 1508 1357 1569; x_wconf 82' lang='lat' dir='ltr'><em>de</em></span> 
     </span>
     <span class='ocr_line' id='line_1_15' title="bbox 277 1587 1463 1671; baseline 0.002 -25"><span class='ocrx_word' id='word_1_120' title='bbox 277 1589 310 1651; x_wconf 90' lang='lat' dir='ltr'><em>C.</em></span> <span class='ocrx_word' id='word_1_121' title='bbox 336 1589 418 1671; x_wconf 80' lang='lat' dir='ltr'><em>Valg.</em></span> <span class='ocrx_word' id='word_1_122' title='bbox 441 1587 509 1648; x_wconf 80' lang='lat' dir='ltr'><em>uus.</em></span> <span class='ocrx_word' id='word_1_123' title='bbox 538 1599 616 1666; x_wconf 89' lang='lat' dir='ltr'><em>poet.</em></span> <span class='ocrx_word' id='word_1_124' title='bbox 645 1587 675 1644; x_wconf 90' lang='lat' dir='ltr'><em>in</em></span> <span class='ocrx_word' id='word_1_125' title='bbox 703 1589 897 1666; x_wconf 82' lang='lat' dir='ltr'><strong>poett.·Latt.</strong></span> <span class='ocrx_word' id='word_1_126' title='bbox 919 1588 1001 1667; x_wconf 83' lang='lat' dir='ltr'><em>reliq.</em></span> <span class='ocrx_word' id='word_1_127' title='bbox 1029 1611 1058 1668; x_wconf 88' lang='lat' dir='ltr'><em>p.</em></span> <span class='ocrx_word' id='word_1_128' title='bbox 1079 1594 1139 1648; x_wconf 78' lang='lat'><em>233</em></span> <span class='ocrx_word' id='word_1_129' title='bbox 1165 1610 1208 1668; x_wconf 88' lang='lat' dir='ltr'><em>sq.</em></span> <span class='ocrx_word' id='word_1_130' title='bbox 1240 1589 1357 1649; x_wconf 87' lang='lat' dir='ltr'><strong>Sebott.</strong></span> <span class='ocrx_word' id='word_1_131' title='bbox 1453 1638 1463 1655; x_wconf 71' lang='grc'>,</span> 
     </span>
     <span class='ocr_line' id='line_1_16' title="bbox 167 1668 1358 1750; baseline -0.003 -18"><span class='ocrx_word' id='word_1_132' title='bbox 167 1734 171 1746; x_wconf 62' lang='grc'>,</span> <span class='ocrx_word' id='word_1_133' title='bbox 276 1673 313 1732; x_wconf 86' lang='lat' dir='ltr'><em>ile</em></span> <span class='ocrx_word' id='word_1_134' title='bbox 336 1670 404 1731; x_wconf 87' lang='lat' dir='ltr'><em>clar.</em></span> <span class='ocrx_word' id='word_1_135' title='bbox 425 1676 469 1750; x_wconf 68' lang='lat' dir='ltr'><em>apt</em></span> <span class='ocrx_word' id='word_1_136' title='bbox 491 1670 594 1731; x_wconf 76' lang='lat' dir='ltr'><em>Seuer.</em></span> <span class='ocrx_word' id='word_1_137' title='bbox 623 1668 735 1729; x_wconf 85' lang='lat' dir='ltr'><strong>rhetor.</strong></span> <span class='ocrx_word' id='word_1_138' title='bbox 760 1692 797 1749; x_wconf 71' lang='lat' dir='ltr'><em>⁴p.</em></span> <span class='ocrx_word' id='word_1_139' title='bbox 827 1671 897 1729; x_wconf 86' lang='lat'><strong>400.</strong></span> <span class='ocrx_word' id='word_1_140' title='bbox 945 1672 1110 1730; x_wconf 86' lang='lat' dir='ltr'><em>Westerm.</em></span> <span class='ocrx_word' id='word_1_141' title='bbox 1139 1670 1176 1730; x_wconf 91' lang='lat' dir='ltr'><em>G.</em></span> <span class='ocrx_word' id='word_1_142' title='bbox 1210 1669 1238 1730; x_wconf 76' lang='lat' dir='ltr'><em>d</em></span> <span class='ocrx_word' id='word_1_143' title='bbox 1270 1693 1294 1730; x_wconf 87' lang='lat' dir='ltr'><em>r.</em></span> <span class='ocrx_word' id='word_1_144' title='bbox 1321 1671 1358 1731; x_wconf 89' lang='grc' dir='ltr'><em>Β.</em></span> 
     </span>
     <span class='ocr_line' id='line_1_17' title="bbox 276 1751 1361 1915; baseline 0 -24"><span class='ocrx_word' id='word_1_145' title='bbox 276 1751 296 1836; x_wconf 58' lang='grc' dir='ltr'><strong>ἕ</strong></span> <span class='ocrx_word' id='word_1_146' title='bbox 320 1822 324 1828; x_wconf 62' lang='grc'>’</span> <span class='ocrx_word' id='word_1_147' title='bbox 360 1842 389 1891; x_wconf 84' lang='lat' dir='ltr'><em>ct</em></span> <span class='ocrx_word' id='word_1_148' title='bbox 407 1834 446 1889; x_wconf 86' lang='lat' dir='ltr'><em>&#39;si</em></span> <span class='ocrx_word' id='word_1_149' title='bbox 473 1833 536 1912; x_wconf 84' lang='lat' dir='ltr'><em>quis</em></span> <span class='ocrx_word' id='word_1_150' title='bbox 564 1828 946 1911; x_wconf 60' lang='lat' dir='ltr'><em>odoratusoplcilosoplriam</em></span> <span class='ocrx_word' id='word_1_151' title='bbox 971 1831 1118 1893; x_wconf 76' lang='lat' dir='ltr'><em>videratur</em></span> <span class='ocrx_word' id='word_1_152' title='bbox 1146 1831 1250 1915; x_wconf 77' lang='lat' dir='ltr'><em>atquc]</em></span> <span class='ocrx_word' id='word_1_153' title='bbox 1282 1843 1312 1891; x_wconf 87' lang='lat' dir='ltr'><em>ct</em></span> <span class='ocrx_word' id='word_1_154' title='bbox 1331 1812 1361 1891; x_wconf 65' lang='lat' dir='ltr'><em>s⁸i</em></span> 
     </span>
     <span class='ocr_line' id='line_1_18' title="bbox 277 1910 1359 1992; baseline -0.001 -19"><span class='ocrx_word' id='word_1_155' title='bbox 277 1917 342 1973; x_wconf 87' lang='lat' dir='ltr'><em>&#39;uis</em></span> <span class='ocrx_word' id='word_1_156' title='bbox 361 1912 505 1975; x_wconf 85' lang='lat' dir='ltr'><em>odoratus</em></span> <span class='ocrx_word' id='word_1_157' title='bbox 523 1913 739 1992; x_wconf 78' lang='lat' dir='ltr'><em>philosophiam</em></span> <span class='ocrx_word' id='word_1_158' title='bbox 769 1910 862 1973; x_wconf 85' lang='lat' dir='ltr'><em>Codd.</em></span> <span class='ocrx_word' id='word_1_159' title='bbox 887 1915 950 1973; x_wconf 90' lang='lat' dir='ltr'><em>Par.</em></span> <span class='ocrx_word' id='word_1_160' title='bbox 971 1914 1058 1974; x_wconf 83' lang='lat' dir='ltr'><em>Viud.</em></span> <span class='ocrx_word' id='word_1_161' title='bbox 1087 1926 1157 1974; x_wconf 88' lang='lat' dir='ltr'><strong>vett.</strong></span> <span class='ocrx_word' id='word_1_162' title='bbox 1179 1927 1209 1974; x_wconf 89' lang='lat' dir='ltr'><strong>et</strong></span> <span class='ocrx_word' id='word_1_163' title='bbox 1234 1925 1359 1974; x_wconf 74' lang='lat' dir='ltr'><em>recenti.</em></span> 
     </span>
     <span class='ocr_line' id='line_1_19' title="bbox 278 1938 1362 2077; baseline 0 -23"><span class='ocrx_word' id='word_1_164' title='bbox 278 1938 353 2054; x_wconf 68' lang='lat' dir='ltr'><em>lldd.</em></span> <span class='ocrx_word' id='word_1_165' title='bbox 373 2006 489 2074; x_wconf 88' lang='lat' dir='ltr'><em>praeter</em></span> <span class='ocrx_word' id='word_1_166' title='bbox 509 1995 626 2053; x_wconf 85' lang='lat' dir='ltr'><strong>Broter.</strong></span> <span class='ocrx_word' id='word_1_167' title='bbox 647 1993 760 2053; x_wconf 85' lang='lat' dir='ltr'><em>Dronk.</em></span> <span class='ocrx_word' id='word_1_168' title='bbox 784 1994 1016 2070; x_wconf 46' lang='lat' dir='ltr'><em>Osananrellj</em></span> <span class='ocrx_word' id='word_1_169' title='bbox 1031 1996 1126 2069; x_wconf 70' lang='lat' dir='ltr'><em>Ritu,</em></span> <span class='ocrx_word' id='word_1_170' title='bbox 1156 1996 1206 2075; x_wconf 91' lang='lat' dir='ltr'><em>qui</em></span> <span class='ocrx_word' id='word_1_171' title='bbox 1233 1996 1313 2077; x_wconf 75' lang='lat' dir='ltr'><em>quud</em></span> <span class='ocrx_word' id='word_1_172' title='bbox 1332 1998 1362 2054; x_wconf 84' lang='lat' dir='ltr'><em>si</em></span> 
     </span>
     <span class='ocr_line' id='line_1_20' title="bbox 277 2074 1360 2159; baseline 0 -25"><span class='ocrx_word' id='word_1_173' title='bbox 277 2079 342 2159; x_wconf 78' lang='lat' dir='ltr'><em>puis</em></span> <span class='ocrx_word' id='word_1_174' title='bbox 363 2097 379 2135; x_wconf 92' lang='lat' dir='ltr'><em>e</em></span> <span class='ocrx_word' id='word_1_175' title='bbox 401 2074 494 2135; x_wconf 91' lang='lat' dir='ltr'><em>Codd.</em></span> <span class='ocrx_word' id='word_1_176' title='bbox 515 2074 625 2134; x_wconf 85' lang='lat' dir='ltr'><em>Vaticc.</em></span> <span class='ocrx_word' id='word_1_177' title='bbox 645 2086 827 2153; x_wconf 89' lang='lat' dir='ltr'><em>receperunt.</em></span> <span class='ocrx_word' id='word_1_178' title='bbox 869 2075 958 2134; x_wconf 81' lang='lat' dir='ltr'><strong>Bekk.</strong></span> <span class='ocrx_word' id='word_1_179' title='bbox 984 2096 1000 2135; x_wconf 92' lang='lat' dir='ltr'><em>e</em></span> <span class='ocrx_word' id='word_1_180' title='bbox 1023 2074 1096 2137; x_wconf 89' lang='lat' dir='ltr'><em>Cod.</em></span> <span class='ocrx_word' id='word_1_181' title='bbox 1117 2079 1221 2152; x_wconf 76' lang='lat' dir='ltr'><em>Foru,</em></span> <span class='ocrx_word' id='word_1_182' title='bbox 1244 2076 1295 2135; x_wconf 92' lang='lat' dir='ltr'><em>ubi</em></span> <span class='ocrx_word' id='word_1_183' title='bbox 1318 2081 1360 2135; x_wconf 79' lang='lat' dir='ltr'><em>oi-</em></span> 
     </span>
     <span class='ocr_line' id='line_1_21' title="bbox 280 2154 1360 2236; baseline -0.002 -20"><span class='ocrx_word' id='word_1_184' title='bbox 280 2159 366 2219; x_wconf 85' lang='lat' dir='ltr'><em>detur</em></span> <span class='ocrx_word' id='word_1_185' title='bbox 393 2154 451 2236; x_wconf 87' lang='lat' dir='ltr'><em>(sic</em></span> <span class='ocrx_word' id='word_1_186' title='bbox 472 2177 489 2215; x_wconf 88' lang='lat' dir='ltr'><em>e</em></span> <span class='ocrx_word' id='word_1_187' title='bbox 510 2155 604 2214; x_wconf 86' lang='lat' dir='ltr'><em>collat.</em></span> <span class='ocrx_word' id='word_1_188' title='bbox 625 2155 797 2236; x_wconf 78' lang='lat' dir='ltr'><em>Scbluttig.)</em></span> <span class='ocrx_word' id='word_1_189' title='bbox 825 2154 887 2215; x_wconf 86' lang='lat' dir='ltr'><em>sive</em></span> <span class='ocrx_word' id='word_1_190' title='bbox 920 2157 1066 2216; x_wconf 72' lang='lat' dir='ltr'><em>uideretur·</em></span> <span class='ocrx_word' id='word_1_191' title='bbox 1092 2170 1206 2217; x_wconf 79' lang='lat' dir='ltr'><em>exstare</em></span> <span class='ocrx_word' id='word_1_192' title='bbox 1233 2157 1292 2231; x_wconf 83' lang='lat' dir='ltr'><em>ait,</em></span> <span class='ocrx_word' id='word_1_193' title='bbox 1318 2161 1360 2215; x_wconf 81' lang='lat' dir='ltr'><em>oi-</em></span> 
     </span>
     <span class='ocr_line' id='line_1_22' title="bbox 268 2236 1423 2318; baseline -0.001 -21"><span class='ocrx_word' id='word_1_194' title='bbox 268 2239 401 2303; x_wconf 83' lang='lat' dir='ltr'><em>‘dcretur</em></span> <span class='ocrx_word' id='word_1_195' title='bbox 420 2236 532 2318; x_wconf 86' lang='lat' dir='ltr'><em>primus</em></span> <span class='ocrx_word' id='word_1_196' title='bbox 551 2236 679 2316; x_wconf 85' lang='lat' dir='ltr'><em>recepit,</em></span> <span class='ocrx_word' id='word_1_197' title='bbox 709 2258 795 2315; x_wconf 86' lang='lat' dir='ltr'><em>quern</em></span> <span class='ocrx_word' id='word_1_198' title='bbox 816 2237 910 2297; x_wconf 88' lang='lat' dir='ltr'><em>secuti</em></span> <span class='ocrx_word' id='word_1_199' title='bbox 931 2250 1001 2296; x_wconf 89' lang='lat' dir='ltr'><em>suut</em></span> <span class='ocrx_word' id='word_1_200' title='bbox 1028 2241 1125 2298; x_wconf 86' lang='lat' dir='ltr'><strong>Boett.</strong></span> <span class='ocrx_word' id='word_1_201' title='bbox 1148 2238 1266 2299; x_wconf 84' lang='lat' dir='ltr'><em>Waleb.</em></span> <span class='ocrx_word' id='word_1_202' title='bbox 1286 2238 1361 2298; x_wconf 85' lang='lat' dir='ltr'><em>Ritt.</em></span> <span class='ocrx_word' id='word_1_203' title='bbox 1417 2268 1423 2275; x_wconf 92' lang='lat'><strong>·</strong></span> 
     </span>
     <span class='ocr_line' id='line_1_23' title="bbox 280 2317 1361 2399; baseline -0.002 -20"><span class='ocrx_word' id='word_1_204' title='bbox 280 2320 385 2388; x_wconf 82' lang='lat' dir='ltr'><em>Bacb.;</em></span> <span class='ocrx_word' id='word_1_205' title='bbox 416 2329 505 2399; x_wconf 75' lang='lat' dir='ltr'><em>atquc</em></span> <span class='ocrx_word' id='word_1_206' title='bbox 528 2317 627 2377; x_wconf 88' lang='lat' dir='ltr'><em>omiss.</em></span> <span class='ocrx_word' id='word_1_207' title='bbox 659 2329 703 2377; x_wconf 85' lang='lat' dir='ltr'><em>est</em></span> <span class='ocrx_word' id='word_1_208' title='bbox 726 2317 761 2389; x_wconf 87' lang='lat' dir='ltr'><em>ab</em></span> <span class='ocrx_word' id='word_1_209' title='bbox 791 2319 896 2389; x_wconf 78' lang='lat' dir='ltr'><em>ileum.</em></span> <span class='ocrx_word' id='word_1_210' title='bbox 934 2318 1067 2378; x_wconf 87' lang='lat' dir='ltr'><em>Oberlin.</em></span> <span class='ocrx_word' id='word_1_211' title='bbox 1103 2319 1216 2379; x_wconf 86' lang='lat' dir='ltr'><em>Dronk.</em></span> <span class='ocrx_word' id='word_1_212' title='bbox 1254 2318 1361 2394; x_wconf 83' lang='lat' dir='ltr'><em>Orell,</em></span> 
     </span>
     <span class='ocr_line' id='line_1_24' title="bbox 170 2399 1369 2481; baseline -0.001 -22"><span class='ocrx_word' id='word_1_213' title='bbox 170 2416 174 2423; x_wconf 77' lang='grc'><strong>“</strong></span> <span class='ocrx_word' id='word_1_214' title='bbox 224 2408 226 2415; x_wconf 80' lang='grc'>’</span> <span class='ocrx_word' id='word_1_215' title='bbox 280 2401 364 2459; x_wconf 73' lang='lat' dir='ltr'><em>siricis</em></span> <span class='ocrx_word' id='word_1_216' title='bbox 387 2399 491 2459; x_wconf 86' lang='lat' dir='ltr'><em>iuclus.</em></span> <span class='ocrx_word' id='word_1_217' title='bbox 511 2419 526 2458; x_wconf 83' lang='lat' dir='ltr'><em>a</em></span> <span class='ocrx_word' id='word_1_218' title='bbox 549 2401 645 2478; x_wconf 85' lang='lat' dir='ltr'><em>Rup,</em></span> <span class='ocrx_word' id='word_1_219' title='bbox 673 2419 810 2478; x_wconf 86' lang='lat' dir='ltr'><em>proquo</em></span> <span class='ocrx_word' id='word_1_220' title='bbox 840 2405 990 2481; x_wconf 79' lang='lat' dir='ltr'><em>antiquam</em></span> <span class='ocrx_word' id='word_1_221' title='bbox 1018 2401 1212 2461; x_wconf 88' lang='lat' dir='ltr'><em>econiectur.</em></span> <span class='ocrx_word' id='word_1_222' title='bbox 1234 2400 1369 2461; x_wconf 85' lang='lat' dir='ltr'><em>Seebod.·</em></span> 
     </span>
     <span class='ocr_line' id='line_1_25' title="bbox 221 2479 1363 2563; baseline 0.001 -24"><span class='ocrx_word' id='word_1_223' title='bbox 221 2486 225 2491; x_wconf 89' lang='lat'>&#39;</span> <span class='ocrx_word' id='word_1_224' title='bbox 253 2546 268 2550; x_wconf 25' lang='grc' dir='ltr'><strong><em>ῃ</em></strong></span> <span class='ocrx_word' id='word_1_225' title='bbox 283 2481 414 2555; x_wconf 65' lang='lat' dir='ltr'><em>broulo,</em></span> <span class='ocrx_word' id='word_1_226' title='bbox 438 2491 470 2545; x_wconf 63' lang='lat' dir='ltr'><em>ec,</em></span> <span class='ocrx_word' id='word_1_227' title='bbox 487 2486 524 2538; x_wconf 83' lang='lat' dir='ltr'><em>cac&#39;</em></span> <span class='ocrx_word' id='word_1_228' title='bbox 546 2501 582 2538; x_wconf 80' lang='lat' dir='ltr'><em>aa</em></span> <span class='ocrx_word' id='word_1_229' title='bbox 602 2479 726 2539; x_wconf 83' lang='lat' dir='ltr'><em>Forcell.</em></span> <span class='ocrx_word' id='word_1_230' title='bbox 748 2502 770 2539; x_wconf 88' lang='lat' dir='ltr'><em>s.</em></span> <span class='ocrx_word' id='word_1_231' title='bbox 791 2479 907 2540; x_wconf 86' lang='lat' dir='ltr'><em>odoror.</em></span> <span class='ocrx_word' id='word_1_232' title='bbox 948 2481 1081 2541; x_wconf 84' lang='lat' dir='ltr'><em>Odorari</em></span> <span class='ocrx_word' id='word_1_233' title='bbox 1097 2481 1193 2563; x_wconf 81' lang='lat' dir='ltr'><em>signif.</em></span> <span class='ocrx_word' id='word_1_234' title='bbox 1215 2481 1363 2547; x_wconf 71' lang='lat' dir='ltr'><em>rarissima</em></span> 
     </span>
     <span class='ocr_line' id='line_1_26' title="bbox 283 2560 1362 2644; baseline 0.001 -23"><span class='ocrx_word' id='word_1_235' title='bbox 283 2561 312 2621; x_wconf 89' lang='lat' dir='ltr'><em>b.</em></span> <span class='ocrx_word' id='word_1_236' title='bbox 335 2562 352 2620; x_wconf 90' lang='lat' dir='ltr'><em>l.</em></span> <span class='ocrx_word' id='word_1_237' title='bbox 374 2561 392 2619; x_wconf 87' lang='lat' dir='ltr'><em>i.</em></span> <span class='ocrx_word' id='word_1_238' title='bbox 413 2584 441 2640; x_wconf 91' lang='lat' dir='ltr'><em>q.</em></span> <span class='ocrx_word' id='word_1_239' title='bbox 469 2560 648 2640; x_wconf 86' lang='lat' dir='ltr'><em>primoribus</em></span> <span class='ocrx_word' id='word_1_240' title='bbox 677 2560 765 2631; x_wconf 85' lang='lat' dir='ltr'><em>labris</em></span> <span class='ocrx_word' id='word_1_241' title='bbox 800 2561 908 2639; x_wconf 85' lang='lat' dir='ltr'><em>aliquid</em></span> <span class='ocrx_word' id='word_1_242' title='bbox 941 2562 1084 2644; x_wconf 80' lang='lat' dir='ltr'><em>attingere</em></span> <span class='ocrx_word' id='word_1_243' title='bbox 1111 2563 1157 2621; x_wconf 88' lang='lat' dir='ltr'><em>vel</em></span> <span class='ocrx_word' id='word_1_244' title='bbox 1187 2562 1279 2621; x_wconf 89' lang='lat' dir='ltr'><em>levius</em></span> <span class='ocrx_word' id='word_1_245' title='bbox 1308 2563 1362 2622; x_wconf 88' lang='lat' dir='ltr'><em>de-</em></span> 
     </span>
     <span class='ocr_line' id='line_1_27' title="bbox 283 2641 1363 2724; baseline 0.002 -24"><span class='ocrx_word' id='word_1_246' title='bbox 283 2654 421 2724; x_wconf 76' lang='lat' dir='ltr'><em>gustare,</em></span> <span class='ocrx_word' id='word_1_247' title='bbox 443 2664 532 2721; x_wconf 90' lang='lat' dir='ltr'><em>quum</em></span> <span class='ocrx_word' id='word_1_248' title='bbox 553 2663 569 2700; x_wconf 83' lang='lat' dir='ltr'><em>a</em></span> <span class='ocrx_word' id='word_1_249' title='bbox 590 2642 709 2701; x_wconf 85' lang='lat' dir='ltr'><em>canibus</em></span> <span class='ocrx_word' id='word_1_250' title='bbox 731 2642 869 2701; x_wconf 88' lang='lat' dir='ltr'><em>venaticis</em></span> <span class='ocrx_word' id='word_1_251' title='bbox 891 2642 1075 2722; x_wconf 88' lang='lat' dir='ltr'><em>desumptum</em></span> <span class='ocrx_word' id='word_1_252' title='bbox 1097 2642 1131 2705; x_wconf 87' lang='lat' dir='ltr'><em>ab</em></span> <span class='ocrx_word' id='word_1_253' title='bbox 1153 2641 1214 2702; x_wconf 91' lang='lat' dir='ltr'><em>aliis</em></span> <span class='ocrx_word' id='word_1_254' title='bbox 1233 2643 1363 2723; x_wconf 87' lang='lat' dir='ltr'><em>scripto·</em></span> 
     </span>
     <span class='ocr_line' id='line_1_28' title="bbox 245 2721 1363 2805; baseline 0 -23"><span class='ocrx_word' id='word_1_255' title='bbox 245 2788 248 2794; x_wconf 50' lang='grc'>,</span> <span class='ocrx_word' id='word_1_256' title='bbox 284 2723 386 2796; x_wconf 91' lang='lat' dir='ltr'><em>ribus,</em></span> <span class='ocrx_word' id='word_1_257' title='bbox 416 2722 558 2804; x_wconf 72' lang='lat' dir='ltr'><em>imprimis</em></span> <span class='ocrx_word' id='word_1_258' title='bbox 581 2721 729 2794; x_wconf 84' lang='lat' dir='ltr'><em>aCicer.,</em></span> <span class='ocrx_word' id='word_1_259' title='bbox 755 2723 880 2788; x_wconf 82' lang='lat' dir='ltr'><em>notione</em></span> <span class='ocrx_word' id='word_1_260' title='bbox 900 2723 1096 2805; x_wconf 76' lang='lat' dir='ltr'><em>investigandi</em></span> <span class='ocrx_word' id='word_1_261' title='bbox 1124 2724 1170 2782; x_wconf 89' lang='lat' dir='ltr'><em>vel</em></span> <span class='ocrx_word' id='word_1_262' title='bbox 1191 2723 1363 2805; x_wconf 78' lang='lat' dir='ltr'><em>explorandi</em></span> 
     </span>
     <span class='ocr_line' id='line_1_29' title="bbox 182 2804 1481 2885; baseline 0 -22"><span class='ocrx_word' id='word_1_263' title='bbox 182 2874 185 2881; x_wconf 78' lang='lat'><em>,</em></span> <span class='ocrx_word' id='word_1_264' title='bbox 283 2817 419 2885; x_wconf 85' lang='lat' dir='ltr'><em>ponatur.</em></span> <span class='ocrx_word' id='word_1_265' title='bbox 463 2807 547 2863; x_wconf 88' lang='lat' dir='ltr'><em>Verr.</em></span> <span class='ocrx_word' id='word_1_266' title='bbox 576 2805 611 2876; x_wconf 92' lang='lat' dir='ltr'><em>ll,</em></span> <span class='ocrx_word' id='word_1_267' title='bbox 639 2807 669 2878; x_wconf 85' lang='grc'>4,</span> <span class='ocrx_word' id='word_1_268' title='bbox 697 2808 742 2863; x_wconf 88' lang='grc'><em>13.</em></span> <span class='ocrx_word' id='word_1_269' title='bbox 792 2804 857 2883; x_wconf 85' lang='lat' dir='ltr'><em>Quo</em></span> <span class='ocrx_word' id='word_1_270' title='bbox 883 2815 1041 2884; x_wconf 78' lang='lat' dir='ltr'><em>postquam</em></span> <span class='ocrx_word' id='word_1_271' title='bbox 1068 2815 1221 2885; x_wconf 77' lang='lat' dir='ltr'><em>acuerunt,</em></span> <span class='ocrx_word' id='word_1_272' title='bbox 1249 2809 1363 2877; x_wconf 67' lang='lat' dir='ltr'><em>miratr—</em></span> <span class='ocrx_word' id='word_1_273' title='bbox 1424 2804 1426 2809; x_wconf 74' lang='grc'><strong>’</strong></span> <span class='ocrx_word' id='word_1_274' title='bbox 1477 2830 1481 2845; x_wconf 90' lang='grc'><em>·</em></span> 
     </span>
     <span class='ocr_line' id='line_1_30' title="bbox 257 2883 1365 2966; baseline 0 -22"><span class='ocrx_word' id='word_1_275' title='bbox 257 2887 353 2959; x_wconf 62' lang='lat' dir='ltr'><em>„dum</em></span> <span class='ocrx_word' id='word_1_276' title='bbox 382 2889 412 2943; x_wconf 86' lang='lat' dir='ltr'><em>ia</em></span> <span class='ocrx_word' id='word_1_277' title='bbox 446 2886 563 2944; x_wconf 89' lang='lat' dir='ltr'><em>modum</em></span> <span class='ocrx_word' id='word_1_278' title='bbox 599 2883 703 2964; x_wconf 82' lang='lat' dir='ltr'><em>(canes</em></span> <span class='ocrx_word' id='word_1_279' title='bbox 741 2889 888 2944; x_wconf 74' lang='lat' dir='ltr'><em>venaticos</em></span> <span class='ocrx_word' id='word_1_280' title='bbox 924 2884 1053 2966; x_wconf 81' lang='lat' dir='ltr'><em>diceres)</em></span> <span class='ocrx_word' id='word_1_281' title='bbox 1081 2891 1125 2946; x_wconf 88' lang='lat' dir='ltr'><em>ita</em></span> <span class='ocrx_word' id='word_1_282' title='bbox 1160 2886 1365 2961; x_wconf 83' lang='lat' dir='ltr'><em>odorabantur</em></span> 
     </span>
     <span class='ocr_line' id='line_1_31' title="bbox 285 2962 1365 3059; baseline 0 -33"><span class='ocrx_word' id='word_1_283' title='bbox 285 2971 384 3026; x_wconf 78' lang='lat' dir='ltr'><em>omnia</em></span> <span class='ocrx_word' id='word_1_284' title='bbox 405 2975 433 3024; x_wconf 82' lang='lat' dir='ltr'><em>ct</em></span> <span class='ocrx_word' id='word_1_285' title='bbox 452 2967 682 3040; x_wconf 74' lang='lat' dir='ltr'><em>investigabant,</em></span> <span class='ocrx_word' id='word_1_286' title='bbox 710 2975 759 3038; x_wconf 84' lang='lat' dir='ltr'><em>ut,</em></span> <span class='ocrx_word' id='word_1_287' title='bbox 775 2962 840 3023; x_wconf 79' lang='lat' dir='ltr'><em>¹ubi</em></span> <span class='ocrx_word' id='word_1_288' title='bbox 856 2967 990 3059; x_wconf 77' lang='lat' dir='ltr'><em>quicquid</em></span> <span class='ocrx_word' id='word_1_289' title='bbox 1006 2977 1099 3042; x_wconf 83' lang='lat' dir='ltr'><em>essct,</em></span> <span class='ocrx_word' id='word_1_290' title='bbox 1125 2969 1225 3049; x_wconf 84' lang='lat' dir='ltr'><em>aliqua</em></span> <span class='ocrx_word' id='word_1_291' title='bbox 1247 2970 1365 3029; x_wconf 77' lang='lat' dir='ltr'><em>ratione</em></span> 
     </span>
     <span class='ocr_line' id='line_1_32' title="bbox 284 3046 1364 3122; baseline -0.002 -15"><span class='ocrx_word' id='word_1_292' title='bbox 284 3052 451 3107; x_wconf 75' lang='lat' dir='ltr'><em>invenirent.</em></span> <span class='ocrx_word' id='word_1_293' title='bbox 482 3050 532 3122; x_wconf 93' lang='lat' dir='ltr'><em>lV,</em></span> <span class='ocrx_word' id='word_1_294' title='bbox 562 3055 593 3122; x_wconf 83' lang='lat'><em>2,</em></span> <span class='ocrx_word' id='word_1_295' title='bbox 623 3049 673 3107; x_wconf 80' lang='lat'><em>54.</em></span> <span class='ocrx_word' id='word_1_296' title='bbox 721 3046 770 3105; x_wconf 84' lang='lat' dir='ltr'><em>Ad</em></span> <span class='ocrx_word' id='word_1_297' title='bbox 804 3058 980 3106; x_wconf 79' lang='lat' dir='ltr'><em>seutentiam</em></span> <span class='ocrx_word' id='word_1_298' title='bbox 1008 3048 1036 3106; x_wconf 91' lang='lat' dir='ltr'><em>h.</em></span> <span class='ocrx_word' id='word_1_299' title='bbox 1066 3047 1084 3106; x_wconf 89' lang='grc' dir='ltr'><em>Ι.</em></span> <span class='ocrx_word' id='word_1_300' title='bbox 1125 3048 1161 3108; x_wconf 89' lang='lat' dir='ltr'><em>cl.</em></span> <span class='ocrx_word' id='word_1_301' title='bbox 1190 3046 1250 3109; x_wconf 86' lang='lat' dir='ltr'><em>Cic.</em></span> <span class='ocrx_word' id='word_1_302' title='bbox 1278 3049 1364 3109; x_wconf 82' lang='lat' dir='ltr'><em>Orat.</em></span> 
     </span>
     <span class='ocr_line' id='line_1_33' title="bbox 211 3134 986 3205; baseline -0.005 -15"><span class='ocrx_word' id='word_1_303' title='bbox 211 3162 213 3165; x_wconf 94' lang='lat'>-</span> <span class='ocrx_word' id='word_1_304' title='bbox 284 3135 336 3204; x_wconf 84' lang='lat'><em>27,</em></span> <span class='ocrx_word' id='word_1_305' title='bbox 358 3134 396 3188; x_wconf 79' lang='lat' dir='ltr'><em>as</em></span> <span class='ocrx_word' id='word_1_306' title='bbox 418 3138 448 3187; x_wconf 81' lang='lat' dir='ltr'><strong>et</strong></span> <span class='ocrx_word' id='word_1_307' title='bbox 468 3134 516 3187; x_wconf 81' lang='lat' dir='ltr'><em>sc.</em></span> <span class='ocrx_word' id='word_1_308' title='bbox 837 3195 853 3203; x_wconf 56' lang='grc'>,</span> <span class='ocrx_word' id='word_1_309' title='bbox 983 3196 986 3205; x_wconf 16' lang='lat' dir='ltr'><em>A</em></span> 
     </span>
     <span class='ocr_line' id='line_1_34' title="bbox 235 3207 1364 3290; baseline 0.001 -22"><span class='ocrx_word' id='word_1_310' title='bbox 235 3258 238 3261; x_wconf 91' lang='lat'><em>.</em></span> <span class='ocrx_word' id='word_1_311' title='bbox 368 3209 464 3268; x_wconf 87' lang='lat' dir='ltr'><em>locum</em></span> <span class='ocrx_word' id='word_1_312' title='bbox 486 3207 629 3289; x_wconf 81' lang='lat' dir='ltr'><em>aliquem]</em></span> <span class='ocrx_word' id='word_1_313' title='bbox 655 3209 748 3269; x_wconf 76' lang='lat' dir='ltr'><em>Locus</em></span> <span class='ocrx_word' id='word_1_314' title='bbox 767 3207 785 3283; x_wconf 86' lang='lat' dir='ltr'><em>i.</em></span> <span class='ocrx_word' id='word_1_315' title='bbox 808 3231 836 3288; x_wconf 91' lang='lat' dir='ltr'><em>q.</em></span> <span class='ocrx_word' id='word_1_316' title='bbox 858 3208 1007 3288; x_wconf 77' lang='lat' dir='ltr'><em>quaestio,</em></span> <span class='ocrx_word' id='word_1_317' title='bbox 1030 3230 1129 3283; x_wconf 85' lang='lat' dir='ltr'><em>causa,</em></span> <span class='ocrx_word' id='word_1_318' title='bbox 1151 3232 1217 3290; x_wconf 89' lang='lat' dir='ltr'><em>pars</em></span> <span class='ocrx_word' id='word_1_319' title='bbox 1242 3208 1364 3271; x_wconf 88' lang='lat' dir='ltr'><em>alicuius</em></span> 
     </span>
     <span class='ocr_line' id='line_1_35' title="bbox 286 3288 1381 3373; baseline 0.002 -24"><span class='ocrx_word' id='word_1_320' title='bbox 286 3289 437 3350; x_wconf 80' lang='lat' dir='ltr'><em>doetrinae</em></span> <span class='ocrx_word' id='word_1_321' title='bbox 459 3289 674 3369; x_wconf 84' lang='lat' dir='ltr'><em>(Hauptstiick,</em></span> <span class='ocrx_word' id='word_1_322' title='bbox 698 3290 837 3363; x_wconf 77' lang='lat' dir='ltr'><em>Materia,</em></span> <span class='ocrx_word' id='word_1_323' title='bbox 858 3291 972 3365; x_wconf 89' lang='lat' dir='ltr'><em>Partie,</em></span> <span class='ocrx_word' id='word_1_324' title='bbox 995 3290 1158 3373; x_wconf 84' lang='lat' dir='ltr'><em>Gedanke).</em></span> <span class='ocrx_word' id='word_1_325' title='bbox 1193 3288 1254 3351; x_wconf 90' lang='lat' dir='ltr'><em>Cic.</em></span> <span class='ocrx_word' id='word_1_326' title='bbox 1275 3293 1381 3351; x_wconf 66' lang='lat' dir='ltr'><em>Tusa.⁴</em></span> 
     </span>
     <span class='ocr_line' id='line_1_36' title="bbox 235 3366 1368 3453; baseline 0.001 -24"><span class='ocrx_word' id='word_1_327' title='bbox 235 3366 238 3375; x_wconf 82' lang='grc'><strong>’</strong></span> <span class='ocrx_word' id='word_1_328' title='bbox 285 3372 311 3442; x_wconf 91' lang='lat' dir='ltr'><em>l,</em></span> <span class='ocrx_word' id='word_1_329' title='bbox 331 3375 383 3443; x_wconf 79' lang='lat'><em>24,</em></span> <span class='ocrx_word' id='word_1_330' title='bbox 405 3376 453 3431; x_wconf 84' lang='lat'><em>57.</em></span> <span class='ocrx_word' id='word_1_331' title='bbox 493 3370 541 3430; x_wconf 80' lang='lat' dir='ltr'><em>Ea</em></span> <span class='ocrx_word' id='word_1_332' title='bbox 564 3392 619 3451; x_wconf 72' lang='lat' dir='ltr'><em>quta</em></span> <span class='ocrx_word' id='word_1_333' title='bbox 641 3369 722 3448; x_wconf 74' lang='lat' dir='ltr'><em>effici</em></span> <span class='ocrx_word' id='word_1_334' title='bbox 746 3373 804 3429; x_wconf 75' lang='lat' dir='ltr'><em>cult</em></span> <span class='ocrx_word' id='word_1_335' title='bbox 825 3373 982 3446; x_wconf 84' lang='lat' dir='ltr'><em>Socrates,</em></span> <span class='ocrx_word' id='word_1_336' title='bbox 1005 3383 1037 3430; x_wconf 83' lang='lat' dir='ltr'><em>ut</em></span> <span class='ocrx_word' id='word_1_337' title='bbox 1058 3374 1171 3453; x_wconf 67' lang='lat' dir='ltr'><em>discere</em></span> <span class='ocrx_word' id='word_1_338' title='bbox 1191 3374 1265 3431; x_wconf 83' lang='lat' dir='ltr'><em>nilcil</em></span> <span class='ocrx_word' id='word_1_339' title='bbox 1281 3371 1368 3431; x_wconf 84' lang='lat' dir='ltr'><em>aliud</em></span> 
     </span>
     <span class='ocr_line' id='line_1_37' title="bbox 263 3452 1366 3531; baseline 0.001 -21"><span class='ocrx_word' id='word_1_340' title='bbox 263 3456 325 3515; x_wconf 71' lang='lat' dir='ltr'><em>,sic</em></span> <span class='ocrx_word' id='word_1_341' title='bbox 344 3453 589 3511; x_wconf 70' lang='lat' dir='ltr'><em>nisi‘rccordari.</em></span> <span class='ocrx_word' id='word_1_342' title='bbox 637 3452 730 3531; x_wconf 73' lang='lat' dir='ltr'><em>(luem</em></span> <span class='ocrx_word' id='word_1_343' title='bbox 758 3455 849 3511; x_wconf 84' lang='lat' dir='ltr'><em>lacum</em></span> <span class='ocrx_word' id='word_1_344' title='bbox 878 3455 969 3511; x_wconf 88' lang='lat' dir='ltr'><em>multo</em></span> <span class='ocrx_word' id='word_1_345' title='bbox 997 3457 1086 3511; x_wconf 85' lang='lat' dir='ltr'><em>ctiam</em></span> <span class='ocrx_word' id='word_1_346' title='bbox 1115 3458 1283 3517; x_wconf 81' lang='lat' dir='ltr'><em>accuratius</em></span> <span class='ocrx_word' id='word_1_347' title='bbox 1311 3473 1366 3511; x_wconf 81' lang='lat' dir='ltr'><em>cx-</em></span> 
     </span>
     <span class='ocr_line' id='line_1_38' title="bbox 283 3531 1395 3615; baseline 0.001 -24"><span class='ocrx_word' id='word_1_348' title='bbox 283 3534 387 3615; x_wconf 81' lang='lat' dir='ltr'><em>plicat.</em></span> <span class='ocrx_word' id='word_1_349' title='bbox 415 3531 515 3591; x_wconf 85' lang='lat' dir='ltr'><em>Diviu.</em></span> <span class='ocrx_word' id='word_1_350' title='bbox 537 3534 572 3603; x_wconf 95' lang='grc' dir='ltr'><em>ΙΙ,</em></span> <span class='ocrx_word' id='word_1_351' title='bbox 596 3537 622 3592; x_wconf 93' lang='grc'><em>1.</em></span> <span class='ocrx_word' id='word_1_352' title='bbox 642 3569 681 3581; x_wconf 95' lang='lat'>-</span> <span class='ocrx_word' id='word_1_353' title='bbox 723 3535 789 3591; x_wconf 86' lang='lat' dir='ltr'><em>blas</em></span> <span class='ocrx_word' id='word_1_354' title='bbox 811 3543 873 3591; x_wconf 89' lang='lat' dir='ltr'><em>erat</em></span> <span class='ocrx_word' id='word_1_355' title='bbox 893 3546 1025 3593; x_wconf 83' lang='lat' dir='ltr'><em>veterum</em></span> <span class='ocrx_word' id='word_1_356' title='bbox 1047 3549 1218 3607; x_wconf 86' lang='lat' dir='ltr'><em>oratorum,</em></span> <span class='ocrx_word' id='word_1_357' title='bbox 1241 3555 1276 3594; x_wconf 86' lang='lat' dir='ltr'><em>ex</em></span> <span class='ocrx_word' id='word_1_358' title='bbox 1298 3554 1366 3593; x_wconf 87' lang='lat' dir='ltr'><em>ora-</em></span> <span class='ocrx_word' id='word_1_359' title='bbox 1391 3569 1395 3577; x_wconf 93' lang='lat'><em>·</em></span> 
     </span>
     <span class='ocr_line' id='line_1_39' title="bbox 285 3611 1366 3699; baseline 0 -27"><span class='ocrx_word' id='word_1_360' title='bbox 285 3613 417 3673; x_wconf 89' lang='lat' dir='ltr'><em>tionibus</em></span> <span class='ocrx_word' id='word_1_361' title='bbox 446 3613 546 3695; x_wconf 82' lang='lat' dir='ltr'><em>egredi</em></span> <span class='ocrx_word' id='word_1_362' title='bbox 573 3611 714 3692; x_wconf 88' lang='lat' dir='ltr'><em>locosque</em></span> <span class='ocrx_word' id='word_1_363' title='bbox 745 3635 914 3673; x_wconf 83' lang='lat' dir='ltr'><em>communes</em></span> <span class='ocrx_word' id='word_1_364' title='bbox 945 3614 1036 3674; x_wconf 82' lang='lat' dir='ltr'><em>laetos</em></span> <span class='ocrx_word' id='word_1_365' title='bbox 1065 3627 1095 3674; x_wconf 90' lang='lat' dir='ltr'><strong>et</strong></span> <span class='ocrx_word' id='word_1_366' title='bbox 1124 3615 1290 3699; x_wconf 82' lang='lat' dir='ltr'><em>plausibiles</em></span> <span class='ocrx_word' id='word_1_367' title='bbox 1318 3614 1366 3675; x_wconf 89' lang='lat' dir='ltr'><em>vel</em></span> 
     </span>
     <span class='ocr_line' id='line_1_40' title="bbox 288 3693 1367 3775; baseline 0.001 -22"><span class='ocrx_word' id='word_1_368' title='bbox 288 3714 324 3753; x_wconf 77' lang='lat' dir='ltr'><em>ex</em></span> <span class='ocrx_word' id='word_1_369' title='bbox 346 3694 467 3753; x_wconf 85' lang='lat' dir='ltr'><em>bistoria</em></span> <span class='ocrx_word' id='word_1_370' title='bbox 488 3696 537 3773; x_wconf 84' lang='lat' dir='ltr'><em>(ut</em></span> <span class='ocrx_word' id='word_1_371' title='bbox 557 3694 668 3753; x_wconf 88' lang='lat' dir='ltr'><em>laudem</em></span> <span class='ocrx_word' id='word_1_372' title='bbox 690 3693 806 3753; x_wconf 86' lang='lat' dir='ltr'><em>Siciliae</em></span> <span class='ocrx_word' id='word_1_373' title='bbox 834 3693 894 3754; x_wconf 84' lang='lat' dir='ltr'><em>Cic.</em></span> <span class='ocrx_word' id='word_1_374' title='bbox 926 3695 955 3753; x_wconf 89' lang='lat' dir='ltr'><em>in</em></span> <span class='ocrx_word' id='word_1_375' title='bbox 981 3699 1065 3754; x_wconf 88' lang='lat' dir='ltr'><em>Verr.</em></span> <span class='ocrx_word' id='word_1_376' title='bbox 1088 3699 1123 3768; x_wconf 92' lang='lat' dir='ltr'><em>ll,</em></span> <span class='ocrx_word' id='word_1_377' title='bbox 1149 3696 1240 3775; x_wconf 83' lang='lat' dir='ltr'><em>tsq.)</em></span> <span class='ocrx_word' id='word_1_378' title='bbox 1261 3695 1367 3756; x_wconf 79' lang='lat' dir='ltr'><em>velex</em></span> 
     </span>
     <span class='ocr_line' id='line_1_41' title="bbox 288 3774 1368 3858; baseline 0 -23"><span class='ocrx_word' id='word_1_379' title='bbox 288 3774 393 3835; x_wconf 82' lang='lat' dir='ltr'><em>sabulis</em></span> <span class='ocrx_word' id='word_1_380' title='bbox 415 3774 464 3855; x_wconf 92' lang='lat' dir='ltr'><em>(ut</em></span> <span class='ocrx_word' id='word_1_381' title='bbox 486 3788 558 3856; x_wconf 87' lang='lat' dir='ltr'><em>rapt.</em></span> <span class='ocrx_word' id='word_1_382' title='bbox 568 3774 772 3854; x_wconf 82' lang='lat' dir='ltr'><em>-Proserpinae</em></span> <span class='ocrx_word' id='word_1_383' title='bbox 793 3798 826 3832; x_wconf 62' lang='lat' dir='ltr'><em>v,</em></span> <span class='ocrx_word' id='word_1_384' title='bbox 841 3775 880 3833; x_wconf 86' lang='lat' dir='ltr'><em>ib.</em></span> <span class='ocrx_word' id='word_1_385' title='bbox 902 3778 953 3849; x_wconf 80' lang='grc' dir='ltr'>ΙΙΙ,</span> <span class='ocrx_word' id='word_1_386' title='bbox 973 3774 1038 3853; x_wconf 87' lang='grc'><strong>48.)</strong></span> <span class='ocrx_word' id='word_1_387' title='bbox 1060 3776 1107 3835; x_wconf 86' lang='lat' dir='ltr'><em>vel</em></span> <span class='ocrx_word' id='word_1_388' title='bbox 1125 3799 1160 3836; x_wconf 82' lang='lat' dir='ltr'><em>ex</em></span> <span class='ocrx_word' id='word_1_389' title='bbox 1181 3777 1368 3858; x_wconf 83' lang='lat' dir='ltr'><em>philosophia</em></span> 
     </span>
     <span class='ocr_line' id='line_1_42' title="bbox 288 3854 1368 3937; baseline 0.001 -22"><span class='ocrx_word' id='word_1_390' title='bbox 288 3854 358 3935; x_wconf 80' lang='lat' dir='ltr'><em>(de‘</em></span> <span class='ocrx_word' id='word_1_391' title='bbox 369 3854 502 3929; x_wconf 84' lang='lat' dir='ltr'><em>luxuria,</em></span> <span class='ocrx_word' id='word_1_392' title='bbox 542 3856 674 3935; x_wconf 86' lang='lat' dir='ltr'><em>avaritia)</em></span> <span class='ocrx_word' id='word_1_393' title='bbox 704 3856 894 3935; x_wconf 87' lang='lat' dir='ltr'><em>depromptos</em></span> <span class='ocrx_word' id='word_1_394' title='bbox 919 3856 955 3914; x_wconf 88' lang='lat' dir='ltr'><em>iis</em></span> <span class='ocrx_word' id='word_1_395' title='bbox 982 3856 1173 3937; x_wconf 86' lang='lat' dir='ltr'><em>interponere</em></span> <span class='ocrx_word' id='word_1_396' title='bbox 1201 3860 1237 3918; x_wconf 88' lang='lat' dir='ltr'><em>ad</em></span> <span class='ocrx_word' id='word_1_397' title='bbox 1267 3857 1368 3918; x_wconf 84' lang='lat' dir='ltr'><em>conci·</em></span> 
     </span>
     <span class='ocr_line' id='line_1_43' title="bbox 287 3935 1368 4018; baseline 0.001 -23"><span class='ocrx_word' id='word_1_398' title='bbox 287 3935 400 3996; x_wconf 84' lang='lat' dir='ltr'><em>liaudos</em></span> <span class='ocrx_word' id='word_1_399' title='bbox 429 3936 652 4016; x_wconf 86' lang='lat' dir='ltr'><em>probationibus</em></span> <span class='ocrx_word' id='word_1_400' title='bbox 686 3936 746 3995; x_wconf 90' lang='lat' dir='ltr'><em>suis</em></span> <span class='ocrx_word' id='word_1_401' title='bbox 774 3936 904 4009; x_wconf 87' lang='lat' dir='ltr'><em>iudices,</em></span> <span class='ocrx_word' id='word_1_402' title='bbox 938 3936 1134 4018; x_wconf 83' lang='lat' dir='ltr'><em>mitigandos,</em></span> <span class='ocrx_word' id='word_1_403' title='bbox 1170 3939 1368 4011; x_wconf 56' lang='lat' dir='ltr'><em>c‚orroitandos.</em></span> 
     </span>
     <span class='ocr_line' id='line_1_44' title="bbox 287 4016 1368 4098; baseline -0.003 -19"><span class='ocrx_word' id='word_1_404' title='bbox 287 4017 368 4079; x_wconf 79' lang='lat' dir='ltr'><em>Haec</em></span> <span class='ocrx_word' id='word_1_405' title='bbox 390 4038 456 4097; x_wconf 88' lang='lat' dir='ltr'><em>pars</em></span> <span class='ocrx_word' id='word_1_406' title='bbox 486 4017 626 4078; x_wconf 88' lang='lat' dir='ltr'><em>orationis</em></span> <span class='ocrx_word' id='word_1_407' title='bbox 654 4016 794 4098; x_wconf 85' lang='lat' dir='ltr'><em>appellata</em></span> <span class='ocrx_word' id='word_1_408' title='bbox 822 4029 867 4077; x_wconf 90' lang='lat' dir='ltr'><em>est</em></span> <span class='ocrx_word' id='word_1_409' title='bbox 887 4017 1029 4090; x_wconf 81' lang='lat' dir='ltr'><em>digressio</em></span> <span class='ocrx_word' id='word_1_410' title='bbox 1058 4040 1072 4078; x_wconf 87' lang='lat' dir='ltr'><em>a</em></span> <span class='ocrx_word' id='word_1_411' title='bbox 1102 4018 1163 4079; x_wconf 89' lang='lat' dir='ltr'><em>Cic.</em></span> <span class='ocrx_word' id='word_1_412' title='bbox 1194 4022 1229 4081; x_wconf 88' lang='lat' dir='ltr'><em>de</em></span> <span class='ocrx_word' id='word_1_413' title='bbox 1259 4024 1320 4080; x_wconf 87' lang='lat' dir='ltr'><em>luv.</em></span> <span class='ocrx_word' id='word_1_414' title='bbox 1344 4020 1368 4093; x_wconf 97' lang='grc' dir='ltr'>Ι,</span> 
     </span>
     <span class='ocr_line' id='line_1_45' title="bbox 288 4095 1369 4179; baseline 0.002 -21"><span class='ocrx_word' id='word_1_415' title='bbox 288 4101 351 4173; x_wconf 76' lang='grc'><em>51,</em></span> <span class='ocrx_word' id='word_1_416' title='bbox 370 4095 528 4172; x_wconf 82' lang='lat' dir='ltr'><em>aQuiutil.</em></span> <span class='ocrx_word' id='word_1_417' title='bbox 549 4102 687 4175; x_wconf 77' lang='lat' dir='ltr'><em>egressio,</em></span> <span class='ocrx_word' id='word_1_418' title='bbox 708 4118 853 4173; x_wconf 80' lang='lat' dir='ltr'><em>egressus,</em></span> <span class='ocrx_word' id='word_1_419' title='bbox 872 4118 1009 4157; x_wconf 72' lang='lat' dir='ltr'><em>accessus</em></span> <span class='ocrx_word' id='word_1_420' title='bbox 1024 4100 1062 4178; x_wconf 85' lang='lat' dir='ltr'><em>[v.</em></span> <span class='ocrx_word' id='word_1_421' title='bbox 1076 4100 1152 4159; x_wconf 89' lang='lat' dir='ltr'><em>Dial.</em></span> <span class='ocrx_word' id='word_1_422' title='bbox 1169 4103 1241 4179; x_wconf 79' lang='grc'>22],</span> <span class='ocrx_word' id='word_1_423' title='bbox 1262 4108 1369 4160; x_wconf 73' lang='lat' dir='ltr'><em>cacur-</em></span> 
     </span>
     <span class='ocr_line' id='line_1_46' title="bbox 288 4178 1265 4269; baseline -0.001 -29"><span class='ocrx_word' id='word_1_424' title='bbox 288 4199 358 4253; x_wconf 75' lang='lat' dir='ltr'><em>cut,</em></span> <span class='ocrx_word' id='word_1_425' title='bbox 379 4198 395 4238; x_wconf 89' lang='lat' dir='ltr'><em>a</em></span> <span class='ocrx_word' id='word_1_426' title='bbox 416 4178 537 4239; x_wconf 81' lang='lat' dir='ltr'><em>Graecis</em></span> <span class='ocrx_word' id='word_1_427' title='bbox 559 4184 740 4258; x_wconf 61' lang='lat' dir='ltr'><em>septagenus,</em></span> <span class='ocrx_word' id='word_1_428' title='bbox 761 4179 797 4237; x_wconf 85' lang='lat' dir='ltr'><em>de</em></span> <span class='ocrx_word' id='word_1_429' title='bbox 819 4198 877 4257; x_wconf 73' lang='lat' dir='ltr'><em>&lt;pun¹</em></span> <span class='ocrx_word' id='word_1_430' title='bbox 891 4178 927 4239; x_wconf 83' lang='lat' dir='ltr'><em>cl.</em></span> <span class='ocrx_word' id='word_1_431' title='bbox 949 4179 1053 4253; x_wconf 85' lang='lat' dir='ltr'><em>Quint</em></span> <span class='ocrx_word' id='word_1_432' title='bbox 1073 4183 1125 4253; x_wconf 75' lang='grc' dir='ltr'>ΙΙΙ,</span> <span class='ocrx_word' id='word_1_433' title='bbox 1147 4187 1175 4239; x_wconf 82' lang='grc'><em>3.</em></span> <span class='ocrx_word' id='word_1_434' title='bbox 1260 4258 1265 4269; x_wconf 30' lang='lat' dir='ltr'><em>l</em></span> 
     </span>
    </p>
   </div>
   <div class='ocr_carea' id='block_1_4' title="bbox 0 0 1509 4808">
    <p class='ocr_par' dir='ltr' id='par_1_4' title="bbox 0 0 1509 4808">
     <span class='ocr_line' id='line_1_47' title="bbox 0 0 1509 4808; baseline 0 0"><span class='ocrx_word' id='word_1_435' title='bbox 0 0 1509 4808; x_wconf 95' lang='lat' dir='ltr'><em> </em></span> 
     </span>
    </p>
   </div>
  </div>
 </body>
</html>
