2832 4808
484 305 561 390 cap.
584 309 741 372 xxxix.
887 310 896 333 ‘
1064 312 1153 374 aas

279 470 282 477 Α
336 471 339 477 ’
447 426 522 522 οὗ
535 479 576 532 ΙΙ·
615 448 776 521 mo
979 535 983 541 ¹

179 562 318 633 Parvum
345 575 376 632 et
400 560 576 635 ridiculum
600 562 741 635 sortasse
765 558 913 648 videtum.
932 556 1151 661 quoddietu-

81 688 140 749 rus
164 687 247 733 sum:
276 660 382 733 dicam
410 673 540 749 tamen,
574 660 624 734 vel
650 660 727 734 ideo
763 676 800 732 ut
825 659 982 741 rideatur.
1033 660 1151 756 Quam

80 777 149 834 tum
174 758 367 832 humilitatis
402 777 557 859 putamus
583 760 788 861 eloquentiae
814 758 961 833 attulisse
992 759 1151 860 paenulas

79 860 179 948 istas,
205 858 329 959 quibus
354 859 477 950 astricti
503 877 535 933 et
556 859 642 958 velut
664 859 782 942 inclusi
805 887 882 933 cum
907 859 1077 933 iudicibus
1099 858 1150 932 sa-

140 984 366 1097 apsxxxn.
414 1012 542 1098 ornetur]
577 1015 678 1076 ursan.
706 1016 814 1077 nura.
848 1027 877 1076 a
903 1014 986 1076 netu.
1012 1012 1152 1074 emesan.
1253 998 1267 1015 ‘

80 1086 223 1157 uidebitur
236 1109 411 1180 receperunt
426 1098 502 1158 Pith.
518 1100 623 1159 Henm'.
643 1098 714 1157 Ero.
728 1099 812 1181 Brot.
826 1097 890 1179 Bip.
906 1094 1020 1158 Schola.
1040 1093 1152 1156 Dronk.
1243 1116 1246 1129 ⁵

53 1204 55 1209 ⁴
80 1178 204 1239 Beklter'.
224 1179 322 1259 Boett.
342 1180 416 1240 nitu
456 1181 515 1240 Sed
534 1180 636 1241 futuro
658 1201 718 1239 non
738 1184 786 1241 est
805 1200 898 1260 opus,
929 1200 1019 1260 quum
1039 1178 1152 1260 scriptt.

80 1259 113 1321 in
141 1284 198 1322 usu
217 1272 381 1344 temporum
408 1262 504 1322 minus
533 1258 593 1324 sint
618 1262 696 1322 arixii
719 1284 804 1343 qnam
822 1259 1007 1345 grammatici.
1035 1252 1205 1321 Ramslr.·'‘
1247 1336 1253 1342 Δ
1317 1292 1321 1295 -

80 1341 110 1426 §.
136 1348 202 1405 164.
223 1351 252 1405 2.
274 1366 298 1406 c.
319 1344 423 1420 Quint.
440 1346 488 1419 Vl,
509 1350 538 1417 3,
561 1351 608 1405 77.
648 1347 684 1404 Si
700 1345 756 1403 lroa
776 1348 821 1405 ita
836 1345 895 1417 cst‘,
907 1346 943 1402 is
961 1346 991 1401 in
1006 1338 1200 1416 exsilium-1¹

4 1466 8 1473 -
80 1430 111 1485 si
129 1448 186 1485 non
205 1431 249 1485 ita
269 1436 328 1498 cst,
356 1426 444 1485 redis.
491 1428 560 1486 Tac.
579 1427 714 1498 Ann'll,
736 1432 784 1486 77.
828 1426 877 1485 Aa
890 1422 1068 1504 festinamus
1087 1428 1153 1484 aum
1192 1420 1197 1491 l

82 1507 256 1567 Germanici
273 1507 416 1566 cineribus
435 1508 653 1588 appellere-i
677 1508 723 1567 De
733 1506 877 1567 sententia
893 1506 935 1567 cs.
953 1502 1031 1566 Ptin.
1043 1506 1117 1586 Epp.
1128 1507 1152 1580 1,
1191 1536 1193 1541 .

82 1595 112 1649 6.
132 1589 171 1647 in.
207 1588 343 1660 Ridelrrs,
365 1600 394 1648 ct
412 1589 480 1645 licet
495 1588 604 1647 rideas.
630 1587 694 1649 Etr.
724 1591 776 1664 vt,
796 1582 851 1662 29,
868 1593 896 1663 3.
937 1588 990 1647 Ad
1009 1588 1082 1647 laea
1099 1608 1153 1661 ego

77 1691 190 1744 genera
200 1690 369 1744 causarum,
379 1670 531 1729 ambitiosa
537 1668 681 1748 sonasse,
698 1669 809 1730 addam
818 1680 917 1729 tamen
931 1671 1031 1736 claras
1045 1678 1075 1728 et
1087 1671 1154 1730 ittu-

34 1756 43 1763 “
77 1761 163 1810 strar.
194 1753 231 1825 ll,
247 1757 369 1820 dextr.
399 1751 483 1831 Quae
507 1756 606 1812 onznia
625 1754 682 1813 tuo
702 1752 833 1830 tendunt,
855 1763 887 1812 ut
903 1752 1010 1812 audias
1024 1752 1154 1827 Isaeum4
1219 1764 1223 1777 ‘

78 1835 127 1893 acl
144 1833 210 1915 ideo
232 1844 263 1894 ut
281 1832 419 1907 audiaris.
1125 1881 1128 1887 .
1197 1906 1200 1914 .

76 1922 78 1927 ‘
160 1928 320 2016 paenulas]
340 1933 463 2013 penrrlas‘
482 1928 555 1993 Cod.
576 1933 661 1992 Far'n.
681 1943 753 1992 vett.
772 1931 845 1993 Edd.
865 1929 991 1992 Seebod.
1011 1928 1057 2004 al.‚
1081 1928 1155 2011 quae
1281 1952 1285 1961 *

79 2015 225 2095 scriptura
237 2014 359 2097 probata
375 2026 421 2073 est
434 2014 506 2073 Edd.
529 2013 632 2090 Quint.
646 2026 676 2074 et
691 2013 818 2076 Schmid.
836 2013 872 2073 ad
880 2014 954 2073 Hor.
967 2013 1081 2093 Epp.‹l‚
1104 2018 1154 2090 tt,

80 2100 150 2171 ts,
170 2097 221 2157 sed
242 2095 370 2156 deterior
391 2117 475 2176 quam
490 2096 734 2178 paenulaetiam
757 2096 796 2169 ob
821 2095 876 2156 Gr.
896 2097 1032 2171 peanitas
1071 2094 1154 2154 Paa-

80 2181 235 2239 nulaerat
254 2178 345 2238 vestis
363 2199 457 2238 crassa
477 2178 523 2238 vel
563 2179 697 2259 ausapina
723 2178 769 2238 vel
788 2178 869 2238 lanea
889 2176 936 2238 vel
958 2187 1074 2238 scortea
1094 2199 1154 2237 un-

81 2261 171 2340 dique
189 2259 301 2336 clausa,
330 2260 478 2319 astrictior
496 2272 526 2320 et
543 2200 664 2321 irevior
685 2256 768 2340 quam
789 2273 876 2345 toga,
909 2280 983 2340 quae
1002 2259 1057 2318 iarn
1077 2261 1153 2319 anti·
1174 2326 1177 2331 ⁴

80 2343 183 2423 quitus
206 2363 294 2424 super
311 2339 437 2403 tunicam
457 2341 488 2400 in
509 2341 614 2411 itinere
636 2343 671 2403 ad
688 2342 814 2423 pluviam
836 2353 866 2403 et
884 2340 979 2424 frigus
998 2342 1154 2402 arcendum

79 2423 274 2495 induebatur;
305 2424 390 2484 seda
411 2423 570 2484 Domitiani
591 2423 772 2506 temporibus
794 2423 825 2484 in
844 2422 919 2484 urbe
939 2443 1056 2504 quoque
1077 2434 1153 2484 tem-

42 2513 45 2520 '
81 2518 195 2590 pestate
213 2505 312 2588 pluvia
330 2507 451 2588 gestari¹
464 2504 584 2566 solebat.
611 2506 657 2567 vd.
676 2507 795 2567 Becker.
817 2505 892 2568 Gall.
922 2505 990 2565 vot.
1010 2507 1044 2564 ll.
1063 2510 1153 2586 pas

80 2598 130 2670 sq:
148 2588 249 2662 llleier.
270 2588 301 2647 in
321 2587 424 2648 Ersclr.
446 2600 476 2648 et
498 2587 592 2648 Grub.
616 2587 737 2671 Eucycl.
765 2590 844 2661 Sept.
864 2589 910 2648 ΙΙΙ.
933 2588 971 2647 V.
991 2592 1018 2646 9.
1038 2609 1066 2668 p.
1084 2589 1151 2647 194.

81 2671 142 2731 Sed
163 2672 252 2751 quum
273 2669 369 2730 nullus
389 2670 517 2751 scriptor
535 2669 664 2751 paenulis
684 2676 818 2730 oratores
838 2666 956 2751 quoque
970 2689 1041 2729 usos
1061 2668 1153 2731 fuisse

4 2754 13 2773 '
80 2763 182 2814 narret
204 2764 234 2812 et
254 2752 358 2828 Quint.
379 2755 430 2827 xl,
453 2758 483 2826 3,
508 2757 582 2827 137,
610 2752 661 2811 ubi
680 2753 717 2813 de
737 2751 816 2812 cultu
845 2750 971 2812 oratoris
991 2751 1068 2834 agit,
1094 2751 1152 2811 nisi

79 2846 168 2918 togae
186 2835 364 2895 mentionem
385 2855 445 2894 non
460 2833 570 2919 ,laciat‚·
593 2834 743 2895 Heinrich.
763 2834 799 2894 ad
820 2831 881 2903 Cic.
903 2844 989 2893 oratt.
1009 2855 1053 2914 pr.
1073 2831 1151 2893 Tull.

80 2928 137 2978 ete.
159 2939 187 2998 p.
210 2922 242 2985 1.;
277 2915 408 2977 Tacitum
428 2914 539 2976 erroris
560 2916 663 2999 arguit.
707 2915 874 2978 Restionem
891 2936 964 2977 vero
980 2915 1150 2976 sententiam

78 2999 117 3059 ad
138 3001 237 3059 loven.
258 3002 296 3070 V,
318 3004 365 3058 79.
385 2997 555 3079 proposuit:
586 2997 737 3058 »Paenula
758 2998 869 3060 Reise-
886 2997 948 3058 und
967 2996 1151 3080 R'egenman·

79 3080 141 3156 tel,
162 3102 220 3164 eng
239 3079 390 3163 auliegend
411 3079 486 3139 iiber
505 3079 558 3153 der
576 3080 695 3140 Tunica.
735 3080 798 3139 Der
818 3078 916 3141 Client
935 3078 1083 3140 ersclreint
1101 3091 1151 3139 to-

80 3174 184 3244 gatus,
215 3162 279 3221 hier
305 3162 344 3221 im
364 3161 494 3221 Nothlall
513 3160 691 3241 paenulatos.
741 3161 921 3222 Sachwalter
945 3181 1002 3221 ror
1027 3161 1156 3230 Gericlrt¹

81 3244 149 3305 'sind
169 3243 200 3302 in
220 3243 318 3303 diesen
338 3243 438 3331 Seitep
457 3242 576 3303 niemals
596 3243 699 3303 andere
727 3242 768 3303 als
788 3243 933 3324 paenulati
951 3243 1150 3325 aulgetretenr

82 3324 131 3384 die
149 3335 218 3406 toga
236 3324 305 3385 aber
325 3325 429 3386 warde
455 3324 558 3385 immer
575 3344 613 3384 en
635 3345 669 3384 er
687 3326 749 3385 und
775 3323 832 3385 fast
858 3348 911 3387 aur
930 3322 1059 3406 paenula.
1107 3325 1150 3386 So

82 3405 125 3466 ist
144 3406 190 3465 die
210 3400 360 3466 Stelleru
383 3407 537 3485 verstehen
562 3345 676 3490 Dialog.
689 3407 734 3478 ‚de
755 3406 850 3467 Oratt.
872 3428 917 3489 cp.
938 3411 1003 3480 att,
1027 3405 1076 3474 ,dte
1094 3406 1150 3467 all-

82 3486 197 3570 gemein
215 3487 314 3549 ‹lalsclr
348 3489 540 3570 perstandum,
574 3503 640 3548 ron'
659 3488 779 3550 Ernesti
805 3509 892 3572 sogor
921 3487 1153 3572 gemissbrancltt
1219 3488 1251 3549 ⁴r
1340 3518 1342 3521 ·

82 3569 179 3644 wir-d,
205 3591 255 3629 um
276 3571 325 3633 das
345 3571 431 3631 Alter
449 3571 502 3633 der
564 3591 636 3632 naen
659 3570 776 3645 'schrift
802 3571 903 3632 daraus
924 3569 1094 3654 verd'a‘chtig
1113 3593 1150 3633 atr
1297 3578 1310 3589 “
1355 3566 1358 3571 ’
1409 3568 1410 3571 '

81 3650 229 3711 macheu«
268 3653 451 3714 Strodtbeclt.
479 3654 515 3714 de
527 3591 713 3715 ldateminae
738 3673 880 3734 personae
901 3664 955 3714 etc.
981 3652 1065 3724 ¹vultu
1087 3653 1151 3714 iro·

80 3731 150 3793 nico
169 3755 198 3813 p.
221 3738 266 3794 tt.
288 3748 318 3796 et
332 3735 477 3796 Eeltstein.
495 3747 659 3819 agnoscunt
676 3734 802 3797 Materni
822 3734 948 3796 animum
967 3734 1003 3794 ad
1017 3734 1146 3813 'ironiam

80 3814 268 3875 inclinantem
283 3828 312 3877 et
324 3817 420 3878 omnia
439 3828 651 3879 extenuantem.
1158 3823 1164 3827 “

162 3933 228 3975 cum
247 3914 389 3975 iudicibus
399 3912 592 3996 fabulamur]
618 3912 722 3991 Quint.
741 3914 794 3990 XI,
818 3919 847 3988 3,
870 3918 936 3975 131.
975 3913 1055 3974 Illud
1081 3934 1147 3976 rara
1182 3924 1184 3929 ‘

82 4014 139 4053 non
156 3995 334 4074 jarundam',
349 3999 444 4080 quod
468 3998 586 4080 qnidam
615 4000 723 4057 reiecta
748 4000 777 4056 in
804 3997 955 4056 humerum
981 4007 1053 4073 toga
1083 4019 1150 4061 aum
1267 4034 1271 4046 ·

82 4076 303 4158 dextrariorum
324 4074 411 4163 usqua
428 4080 471 4141 ad
490 4080 601 4139 lumbos
620 4079 813 4151 recluserunt,
833 4082 957 4138 sinistra
969 4091 1083 4154 gastum
1094 4079 1150 4158 fa·
1233 4150 1238 4153 ¹

85 4160 194 4218 aientes
223 4164 391 4243 spatiantur
426 4174 455 4225 at
481 4162 671 4241 [salutantur.
716 4161 830 4223 Subula.
861 4158 983 4258 explicat
1017 4173 1148 4222 oratores

2 4255 3 4261 ’
91 4239 187 4300 otiose
209 4252 345 4323 tanquam
364 4244 395 4304 in
408 4264 543 4306 sermone
562 4242 693 4333 familiari
711 4241 792 4324 loqui
811 4263 876 4304 cnm
896 4242 1052 4320 radicibus,
1070 4243 1151 4325 qnod
