<?xml version="1.0" encoding="UTF-8"?>
<!DOCTYPE html PUBLIC "-//W3C//DTD XHTML 1.0 Transitional//EN"
    "http://www.w3.org/TR/xhtml1/DTD/xhtml1-transitional.dtd">
<html xmlns="http://www.w3.org/1999/xhtml" xml:lang="en" lang="en">
 <head>
  <title>
</title>
<meta http-equiv="Content-Type" content="text/html;charset=utf-8" />
  <meta name='ocr-system' content='tesseract 3.04.00' />
  <meta name='ocr-capabilities' content='ocr_page ocr_carea ocr_par ocr_line ocrx_word'/>
</head>
<body>
  <div class='ocr_page' id='page_1' title='image "./ccorneliitaciti00hessgoog_0073.png"; bbox 0 0 2968 4810; ppageno 0'>
   <div class='ocr_carea' id='block_1_1' title="bbox 263 238 1020 372">
    <p class='ocr_par' dir='ltr' id='par_1_1' title="bbox 263 238 1020 372">
     <span class='ocr_line' id='line_1_1' title="bbox 263 238 1020 372; baseline 0 -17"><span class='ocrx_word' id='word_1_1' title='bbox 263 289 308 361; x_wconf 68' lang='lat' dir='ltr'><strong><em>ib</em></strong></span> <span class='ocrx_word' id='word_1_2' title='bbox 350 298 356 317; x_wconf 66' lang='lat'><strong>¹</strong></span> <span class='ocrx_word' id='word_1_3' title='bbox 576 238 756 372; x_wconf 44' lang='lat' dir='ltr'><strong><em>&#39;Dialogus</em></strong></span> <span class='ocrx_word' id='word_1_4' title='bbox 774 292 813 352; x_wconf 82' lang='lat' dir='ltr'><strong><em>tie</em></strong></span> <span class='ocrx_word' id='word_1_5' title='bbox 834 291 1020 355; x_wconf 73' lang='lat' dir='ltr'><strong><em>Oratoribus</em></strong></span> 
     </span>
    </p>
   </div>
   <div class='ocr_carea' id='block_1_2' title="bbox 214 432 1384 745">
    <p class='ocr_par' dir='ltr' id='par_1_2' title="bbox 214 432 1384 745">
     <span class='ocr_line' id='line_1_2' title="bbox 214 432 1344 543; baseline -0.004 -25"><span class='ocrx_word' id='word_1_6' title='bbox 214 440 219 452; x_wconf 79' lang='grc'><strong>’</strong></span> <span class='ocrx_word' id='word_1_7' title='bbox 263 446 305 525; x_wconf 84' lang='lat' dir='ltr'><strong><em>in</em></strong></span> <span class='ocrx_word' id='word_1_8' title='bbox 323 443 459 519; x_wconf 85' lang='lat' dir='ltr'><strong><em>iudiciis</em></strong></span> <span class='ocrx_word' id='word_1_9' title='bbox 483 442 670 519; x_wconf 75' lang='lat' dir='ltr'><strong><em>veneratio!</em></strong></span> <span class='ocrx_word' id='word_1_10' title='bbox 705 444 796 543; x_wconf 86' lang='lat' dir='ltr'><strong><em>quod</em></strong></span> <span class='ocrx_word' id='word_1_11' title='bbox 811 445 992 543; x_wconf 79' lang='lat' dir='ltr'><strong><em>&#39;gaudium</em></strong></span> <span class='ocrx_word' id='word_1_12' title='bbox 1006 432 1235 543; x_wconf 69' lang='lat' dir='ltr'><strong><em>consurgendi</em></strong></span> <span class='ocrx_word' id='word_1_13' title='bbox 1258 445 1344 519; x_wconf 65' lang='lat' dir='ltr'><strong><em>assi.</em></strong></span> 
     </span>
     <span class='ocr_line' id='line_1_3' title="bbox 216 543 1345 645; baseline -0.003 -25"><span class='ocrx_word' id='word_1_14' title='bbox 216 612 219 620; x_wconf 80' lang='grc'>,</span> <span class='ocrx_word' id='word_1_15' title='bbox 263 544 441 645; x_wconf 76' lang='lat' dir='ltr'><strong><em>stenelique</em></strong></span> <span class='ocrx_word' id='word_1_16' title='bbox 456 543 553 617; x_wconf 78' lang='lat' dir='ltr'><strong><em>:iuter</em></strong></span> <span class='ocrx_word' id='word_1_17' title='bbox 582 559 729 615; x_wconf 80' lang='lat' dir='ltr'><strong><em>tacentes</em></strong></span> <span class='ocrx_word' id='word_1_18' title='bbox 757 561 790 618; x_wconf 83' lang='lat' dir='ltr'><strong><em>et</em></strong></span> <span class='ocrx_word' id='word_1_19' title='bbox 819 546 854 618; x_wconf 90' lang='lat' dir='ltr'><strong><em>in</em></strong></span> <span class='ocrx_word' id='word_1_20' title='bbox 880 563 986 617; x_wconf 87' lang='lat' dir='ltr'><strong><em>unum</em></strong></span> <span class='ocrx_word' id='word_1_21' title='bbox 1012 548 1224 618; x_wconf 59' lang='lat' dir='ltr'><strong><em>conuersas!</em></strong></span> <span class='ocrx_word' id='word_1_22' title='bbox 1253 545 1345 617; x_wconf 80' lang='lat' dir='ltr'><strong><em>coire</em></strong></span> 
     </span>
     <span class='ocr_line' id='line_1_4' title="bbox 241 641 1384 745; baseline -0.001 -29"><span class='ocrx_word' id='word_1_23' title='bbox 241 644 425 745; x_wconf 83' lang='lat' dir='ltr'><strong><em>populum</em></strong></span> <span class='ocrx_word' id='word_1_24' title='bbox 450 658 482 714; x_wconf 84' lang='lat' dir='ltr'><strong><em>et</em></strong></span> <span class='ocrx_word' id='word_1_25' title='bbox 505 641 730 717; x_wconf 80' lang='lat' dir='ltr'>circumfundi</span> <span class='ocrx_word' id='word_1_26' title='bbox 755 670 912 717; x_wconf 81' lang='lat' dir='ltr'><strong><em>cornuum</em></strong></span> <span class='ocrx_word' id='word_1_27' title='bbox 936 659 969 715; x_wconf 85' lang='lat' dir='ltr'><strong><em>et</em></strong></span> <span class='ocrx_word' id='word_1_28' title='bbox 993 643 1143 744; x_wconf 80' lang='lat' dir='ltr'><strong><em>accipere</em></strong></span> <span class='ocrx_word' id='word_1_29' title='bbox 1172 643 1343 732; x_wconf 81' lang='lat' dir='ltr'><strong><em>affectum,</em></strong></span> <span class='ocrx_word' id='word_1_30' title='bbox 1380 723 1384 728; x_wconf 90' lang='lat'><strong><em>.</em></strong></span> 
     </span>
    </p>
   </div>
   <div class='ocr_carea' id='block_1_3' title="bbox 173 788 1417 3162">
    <p class='ocr_par' dir='ltr' id='par_1_3' title="bbox 173 788 1417 3162">
     <span class='ocr_line' id='line_1_5' title="bbox 262 788 1344 879; baseline 0 -22"><span class='ocrx_word' id='word_1_31' title='bbox 262 796 404 873; x_wconf 79' lang='lat' dir='ltr'><strong><em>deantur,</em></strong></span> <span class='ocrx_word' id='word_1_32' title='bbox 436 796 535 857; x_wconf 80' lang='lat' dir='ltr'><strong><em>terrere</em></strong></span> <span class='ocrx_word' id='word_1_33' title='bbox 560 819 593 858; x_wconf 85' lang='lat' dir='ltr'><strong><em>se</em></strong></span> <span class='ocrx_word' id='word_1_34' title='bbox 622 808 652 859; x_wconf 83' lang='lat' dir='ltr'><strong><em>et</em></strong></span> <span class='ocrx_word' id='word_1_35' title='bbox 678 799 840 875; x_wconf 79' lang='lat' dir='ltr'><strong><em>intelligere</em></strong></span> <span class='ocrx_word' id='word_1_36' title='bbox 864 800 949 878; x_wconf 83' lang='lat' dir='ltr'><strong><em>prius</em></strong></span> <span class='ocrx_word' id='word_1_37' title='bbox 974 804 1070 878; x_wconf 83' lang='lat' dir='ltr'><strong><em>paene</em></strong></span> <span class='ocrx_word' id='word_1_38' title='bbox 1098 788 1188 879; x_wconf 78' lang='lat' dir='ltr'><strong><em>quum</em></strong></span> <span class='ocrx_word' id='word_1_39' title='bbox 1216 796 1344 858; x_wconf 87' lang='lat' dir='ltr'><strong><em>audiant</em></strong></span> 
     </span>
     <span class='ocr_line' id='line_1_6' title="bbox 261 881 1343 964; baseline 0.001 -25"><span class='ocrx_word' id='word_1_40' title='bbox 261 885 392 955; x_wconf 86' lang='lat' dir='ltr'><strong><em>mentiti,</em></strong></span> <span class='ocrx_word' id='word_1_41' title='bbox 419 903 506 964; x_wconf 86' lang='lat' dir='ltr'><strong><em>quum</em></strong></span> <span class='ocrx_word' id='word_1_42' title='bbox 528 883 621 940; x_wconf 87' lang='lat' dir='ltr'><strong><em>multa</em></strong></span> <span class='ocrx_word' id='word_1_43' title='bbox 651 890 680 939; x_wconf 90' lang='lat' dir='ltr'><strong><em>et</em></strong></span> <span class='ocrx_word' id='word_1_44' title='bbox 703 881 810 939; x_wconf 78' lang='lat' dir='ltr'><strong><em>diserte</em></strong></span> <span class='ocrx_word' id='word_1_45' title='bbox 831 884 1006 957; x_wconf 86' lang='lat' dir='ltr'><strong><em>summisque</em></strong></span> <span class='ocrx_word' id='word_1_46' title='bbox 1033 881 1228 955; x_wconf 86' lang='lat' dir='ltr'><strong><em>clamoribus,</em></strong></span> <span class='ocrx_word' id='word_1_47' title='bbox 1265 901 1343 961; x_wconf 78' lang='lat' dir='ltr'><strong><em>quae</em></strong></span> 
     </span>
     <span class='ocr_line' id='line_1_7' title="bbox 260 960 1342 1045; baseline 0.002 -26"><span class='ocrx_word' id='word_1_48' title='bbox 260 983 353 1044; x_wconf 78' lang='lat' dir='ltr'><strong><em>neque</em></strong></span> <span class='ocrx_word' id='word_1_49' title='bbox 376 962 418 1021; x_wconf 94' lang='lat' dir='ltr'><strong><em>ad</em></strong></span> <span class='ocrx_word' id='word_1_50' title='bbox 439 963 565 1021; x_wconf 83' lang='lat' dir='ltr'><strong><em>iudicem</em></strong></span> <span class='ocrx_word' id='word_1_51' title='bbox 586 984 677 1045; x_wconf 86' lang='lat' dir='ltr'><strong><em>nequo</em></strong></span> <span class='ocrx_word' id='word_1_52' title='bbox 698 960 741 1020; x_wconf 86' lang='lat' dir='ltr'><strong><em>ad</em></strong></span> <span class='ocrx_word' id='word_1_53' title='bbox 760 964 939 1034; x_wconf 72' lang='lat' dir='ltr'><strong><em>litigatorem</em></strong></span> <span class='ocrx_word' id='word_1_54' title='bbox 957 965 1143 1041; x_wconf 84' lang='lat' dir='ltr'><strong><em>pertineant,</em></strong></span> <span class='ocrx_word' id='word_1_55' title='bbox 1164 961 1342 1021; x_wconf 80' lang='lat' dir='ltr'><strong><em>decantare·</em></strong></span> 
     </span>
     <span class='ocr_line' id='line_1_8' title="bbox 173 1041 1340 1125; baseline 0 -23"><span class='ocrx_word' id='word_1_56' title='bbox 173 1070 179 1082; x_wconf 83' lang='lat'><strong>·</strong></span> <span class='ocrx_word' id='word_1_57' title='bbox 260 1054 346 1117; x_wconf 75' lang='lat' dir='ltr'><strong><em>runt,</em></strong></span> <span class='ocrx_word' id='word_1_58' title='bbox 370 1044 441 1102; x_wconf 85' lang='lat' dir='ltr'><strong><em>hene</em></strong></span> <span class='ocrx_word' id='word_1_59' title='bbox 459 1042 600 1103; x_wconf 81' lang='lat' dir='ltr'><strong><em>sudantes</em></strong></span> <span class='ocrx_word' id='word_1_60' title='bbox 615 1045 741 1125; x_wconf 77' lang='lat' dir='ltr'><strong><em>beneque</em></strong></span> <span class='ocrx_word' id='word_1_61' title='bbox 763 1046 899 1100; x_wconf 88' lang='lat' dir='ltr'><strong><em>comitati</em></strong></span> <span class='ocrx_word' id='word_1_62' title='bbox 915 1041 1085 1123; x_wconf 84' lang='lat' dir='ltr'><strong><em>persarum</em></strong></span> <span class='ocrx_word' id='word_1_63' title='bbox 1105 1043 1340 1103; x_wconf 70' lang='lat' dir='ltr'><strong><em>reducentem-</em></strong></span> 
     </span>
     <span class='ocr_line' id='line_1_9' title="bbox 260 1120 1342 1208; baseline -0.001 -24"><span class='ocrx_word' id='word_1_64' title='bbox 260 1120 307 1184; x_wconf 86' lang='lat' dir='ltr'><strong><em>Dc</em></strong></span> <span class='ocrx_word' id='word_1_65' title='bbox 336 1123 440 1204; x_wconf 80' lang='lat' dir='ltr'>plurali</span> <span class='ocrx_word' id='word_1_66' title='bbox 469 1125 656 1208; x_wconf 79' lang='lat' dir='ltr'><strong><em>metonymic.</em></strong></span> <span class='ocrx_word' id='word_1_67' title='bbox 687 1128 845 1183; x_wconf 78' lang='lat' dir='ltr'><em>comitatus</em></span> <span class='ocrx_word' id='word_1_68' title='bbox 873 1157 908 1167; x_wconf 82' lang='lat'><em>-</em></span> <span class='ocrx_word' id='word_1_69' title='bbox 941 1145 1073 1198; x_wconf 86' lang='lat' dir='ltr'><strong><em>egressus</em></strong></span> <span class='ocrx_word' id='word_1_70' title='bbox 1100 1123 1147 1183; x_wconf 83' lang='lat' dir='ltr'><strong><em>vd.</em></strong></span> <span class='ocrx_word' id='word_1_71' title='bbox 1175 1137 1275 1187; x_wconf 73' lang='lat' dir='ltr'><strong><em>assunt.</em></strong></span> <span class='ocrx_word' id='word_1_72' title='bbox 1305 1124 1342 1184; x_wconf 79' lang='lat' dir='ltr'><strong><em>ad</em></strong></span> 
     </span>
     <span class='ocr_line' id='line_1_10' title="bbox 259 1204 1344 1287; baseline 0.001 -21"><span class='ocrx_word' id='word_1_73' title='bbox 259 1209 358 1287; x_wconf 58' lang='lat' dir='ltr'><strong><em>cp-bss</em></strong></span> <span class='ocrx_word' id='word_1_74' title='bbox 391 1207 475 1266; x_wconf 77' lang='lat' dir='ltr'><strong><em>Adde</em></strong></span> <span class='ocrx_word' id='word_1_75' title='bbox 498 1207 534 1267; x_wconf 85' lang='lat' dir='ltr'><strong><em>de</em></strong></span> <span class='ocrx_word' id='word_1_76' title='bbox 554 1204 709 1266; x_wconf 79' lang='lat' dir='ltr'><strong><em>Messalina</em></strong></span> <span class='ocrx_word' id='word_1_77' title='bbox 730 1208 807 1263; x_wconf 86' lang='lat' dir='ltr'><strong><em>Aun.</em></strong></span> <span class='ocrx_word' id='word_1_78' title='bbox 833 1206 885 1278; x_wconf 84' lang='grc' dir='ltr'><strong><em>ΧΙ,</em></strong></span> <span class='ocrx_word' id='word_1_79' title='bbox 909 1211 954 1264; x_wconf 87' lang='lat'><strong><em>12.</em></strong></span> <span class='ocrx_word' id='word_1_80' title='bbox 995 1206 1054 1264; x_wconf 88' lang='lat' dir='ltr'><strong><em>Illa</em></strong></span> <span class='ocrx_word' id='word_1_81' title='bbox 1076 1228 1132 1265; x_wconf 93' lang='lat' dir='ltr'><strong><em>non</em></strong></span> <span class='ocrx_word' id='word_1_82' title='bbox 1142 1204 1270 1284; x_wconf 78' lang='lat' dir='ltr'><strong><em>furtim,</em></strong></span> <span class='ocrx_word' id='word_1_83' title='bbox 1288 1204 1344 1267; x_wconf 83' lang='lat' dir='ltr'><strong><em>sed</em></strong></span> 
     </span>
     <span class='ocr_line' id='line_1_11' title="bbox 260 1287 1341 1364; baseline -0.002 -17"><span class='ocrx_word' id='word_1_84' title='bbox 260 1291 352 1347; x_wconf 90' lang='lat' dir='ltr'><strong><em>multo</em></strong></span> <span class='ocrx_word' id='word_1_85' title='bbox 371 1292 514 1347; x_wconf 89' lang='lat' dir='ltr'><strong><em>comitatu</em></strong></span> <span class='ocrx_word' id='word_1_86' title='bbox 536 1292 678 1347; x_wconf 74' lang='lat' dir='ltr'><strong><em>ventitare</em></strong></span> <span class='ocrx_word' id='word_1_87' title='bbox 698 1288 826 1360; x_wconf 86' lang='lat' dir='ltr'><strong><em>domurn,</em></strong></span> <span class='ocrx_word' id='word_1_88' title='bbox 849 1288 1012 1361; x_wconf 69' lang='lat' dir='ltr'><strong><em>egressibus</em></strong></span> <span class='ocrx_word' id='word_1_89' title='bbox 1032 1287 1259 1364; x_wconf 78' lang='lat' dir='ltr'><strong><em>adhaerescere,</em></strong></span> <span class='ocrx_word' id='word_1_90' title='bbox 1279 1288 1341 1346; x_wconf 90' lang='lat' dir='ltr'><strong><em>lar-</em></strong></span> 
     </span>
     <span class='ocr_line' id='line_1_12' title="bbox 257 1370 1347 1451; baseline -0.003 -23"><span class='ocrx_word' id='word_1_91' title='bbox 257 1373 321 1445; x_wconf 88' lang='lat' dir='ltr'><strong><em>giri</em></strong></span> <span class='ocrx_word' id='word_1_92' title='bbox 338 1391 423 1451; x_wconf 84' lang='lat' dir='ltr'><strong><em>opes,</em></strong></span> <span class='ocrx_word' id='word_1_93' title='bbox 444 1370 577 1429; x_wconf 82' lang='lat' dir='ltr'><strong><em>honores.</em></strong></span> <span class='ocrx_word' id='word_1_94' title='bbox 779 1398 788 1425; x_wconf 57' lang='lat' dir='ltr'><strong><em>s</em></strong></span> <span class='ocrx_word' id='word_1_95' title='bbox 883 1426 893 1434; x_wconf 76' lang='grc'><strong>,</strong></span> <span class='ocrx_word' id='word_1_96' title='bbox 1218 1432 1222 1439; x_wconf 40' lang='lat'>,</span> <span class='ocrx_word' id='word_1_97' title='bbox 1306 1416 1310 1423; x_wconf 88' lang='grc'><em>,</em></span> <span class='ocrx_word' id='word_1_98' title='bbox 1338 1394 1347 1441; x_wconf 61' lang='lat' dir='ltr'><strong><em>q</em></strong></span> 
     </span>
     <span class='ocr_line' id='line_1_13' title="bbox 343 1442 1342 1547; baseline -0.003 -36"><span class='ocrx_word' id='word_1_99' title='bbox 343 1448 491 1533; x_wconf 77' lang='lat' dir='ltr'><strong><em>Species}</em></strong></span> <span class='ocrx_word' id='word_1_100' title='bbox 509 1453 556 1511; x_wconf 88' lang='lat' dir='ltr'><strong><em>Sc.</em></strong></span> <span class='ocrx_word' id='word_1_101' title='bbox 578 1448 715 1513; x_wconf 79' lang='lat' dir='ltr'><strong><em>oratoris.</em></strong></span> <span class='ocrx_word' id='word_1_102' title='bbox 759 1449 878 1547; x_wconf 77' lang='lat' dir='ltr'><strong><em>Species</em></strong></span> <span class='ocrx_word' id='word_1_103' title='bbox 900 1461 946 1509; x_wconf 89' lang='lat' dir='ltr'><strong><em>est</em></strong></span> <span class='ocrx_word' id='word_1_104' title='bbox 968 1460 1109 1524; x_wconf 81' lang='lat' dir='ltr'><strong><em>ornatus,</em></strong></span> <span class='ocrx_word' id='word_1_105' title='bbox 1130 1442 1271 1530; x_wconf 79' lang='lat' dir='ltr'><strong><em>splendor</em></strong></span> <span class='ocrx_word' id='word_1_106' title='bbox 1289 1470 1342 1509; x_wconf 84' lang='lat' dir='ltr'><strong><em>ex-</em></strong></span> 
     </span>
     <span class='ocr_line' id='line_1_14' title="bbox 200 1530 1341 1613; baseline -0.003 -21"><span class='ocrx_word' id='word_1_107' title='bbox 200 1576 215 1605; x_wconf 73' lang='grc'><strong><em>,.</em></strong></span> <span class='ocrx_word' id='word_1_108' title='bbox 259 1544 383 1610; x_wconf 84' lang='lat' dir='ltr'><strong><em>ternus,</em></strong></span> <span class='ocrx_word' id='word_1_109' title='bbox 411 1530 520 1613; x_wconf 84' lang='lat' dir='ltr'><strong><em>quiin</em></strong></span> <span class='ocrx_word' id='word_1_110' title='bbox 551 1532 653 1592; x_wconf 87' lang='lat' dir='ltr'><strong><em>oculos</em></strong></span> <span class='ocrx_word' id='word_1_111' title='bbox 674 1531 816 1591; x_wconf 81' lang='lat' dir='ltr'><strong><em>incurrit:</em></strong></span> <span class='ocrx_word' id='word_1_112' title='bbox 855 1531 955 1590; x_wconf 82' lang='lat' dir='ltr'><strong><em>Germ.</em></strong></span> <span class='ocrx_word' id='word_1_113' title='bbox 979 1537 1025 1591; x_wconf 84' lang='lat'><strong><em>16.</em></strong></span> <span class='ocrx_word' id='word_1_114' title='bbox 1053 1530 1123 1610; x_wconf 82' lang='lat' dir='ltr'><strong><em>ibtq.</em></strong></span> <span class='ocrx_word' id='word_1_115' title='bbox 1155 1533 1241 1590; x_wconf 85' lang='lat' dir='ltr'><strong><em>Hess.</em></strong></span> <span class='ocrx_word' id='word_1_116' title='bbox 1261 1530 1341 1590; x_wconf 80' lang='lat' dir='ltr'><strong><em>Anu.</em></strong></span> 
     </span>
     <span class='ocr_line' id='line_1_15' title="bbox 260 1611 1341 1694; baseline -0.002 -21"><span class='ocrx_word' id='word_1_117' title='bbox 260 1616 312 1688; x_wconf 80' lang='grc' dir='ltr'><strong><em>Ν,</em></strong></span> <span class='ocrx_word' id='word_1_118' title='bbox 334 1621 362 1674; x_wconf 87' lang='grc'><strong><em>6.</em></strong></span> <span class='ocrx_word' id='word_1_119' title='bbox 382 1612 423 1665; x_wconf 66' lang='lat'><strong><em>..⁴-</em></strong></span> <span class='ocrx_word' id='word_1_120' title='bbox 442 1634 498 1675; x_wconf 86' lang='lat' dir='ltr'><strong><em>soa</em></strong></span> <span class='ocrx_word' id='word_1_121' title='bbox 520 1612 700 1685; x_wconf 82' lang='lat' dir='ltr'><strong><em>consulibus,</em></strong></span> <span class='ocrx_word' id='word_1_122' title='bbox 721 1635 777 1671; x_wconf 88' lang='lat' dir='ltr'><strong><em>sua</em></strong></span> <span class='ocrx_word' id='word_1_123' title='bbox 793 1613 982 1694; x_wconf 83' lang='lat' dir='ltr'><strong><em>praetoribus</em></strong></span> <span class='ocrx_word' id='word_1_124' title='bbox 1001 1617 1122 1694; x_wconf 85' lang='lat' dir='ltr'><strong><em>species.</em></strong></span> <span class='ocrx_word' id='word_1_125' title='bbox 1155 1611 1200 1673; x_wconf 80' lang='lat' dir='ltr'><strong><em>Cf.</em></strong></span> <span class='ocrx_word' id='word_1_126' title='bbox 1223 1611 1341 1672; x_wconf 79' lang='lat' dir='ltr'><strong><em>Ruhnk.</em></strong></span> 
     </span>
     <span class='ocr_line' id='line_1_16' title="bbox 261 1693 1147 1755; baseline -0.002 0"><span class='ocrx_word' id='word_1_127' title='bbox 261 1695 361 1755; x_wconf 84' lang='lat' dir='ltr'><strong><em>Schol.</em></strong></span> <span class='ocrx_word' id='word_1_128' title='bbox 383 1694 418 1753; x_wconf 81' lang='lat' dir='ltr'><strong><em>ad</em></strong></span> <span class='ocrx_word' id='word_1_129' title='bbox 438 1696 520 1754; x_wconf 85' lang='lat' dir='ltr'><strong><em>Suet.</em></strong></span> <span class='ocrx_word' id='word_1_130' title='bbox 542 1693 624 1755; x_wconf 81' lang='lat' dir='ltr'><strong><em>Caes.</em></strong></span> <span class='ocrx_word' id='word_1_131' title='bbox 650 1700 698 1754; x_wconf 86' lang='grc'><strong><em>67.</em></strong></span> <span class='ocrx_word' id='word_1_132' title='bbox 728 1694 875 1755; x_wconf 86' lang='lat' dir='ltr'><strong><em>Boettich.</em></strong></span> <span class='ocrx_word' id='word_1_133' title='bbox 895 1695 966 1754; x_wconf 84' lang='lat' dir='ltr'><strong><em>Lex.</em></strong></span> <span class='ocrx_word' id='word_1_134' title='bbox 985 1695 1054 1755; x_wconf 82' lang='lat' dir='ltr'><strong><em>Tac.</em></strong></span> <span class='ocrx_word' id='word_1_135' title='bbox 1076 1717 1099 1753; x_wconf 93' lang='lat' dir='ltr'><strong><em>s.</em></strong></span> <span class='ocrx_word' id='word_1_136' title='bbox 1120 1716 1147 1754; x_wconf 83' lang='lat' dir='ltr'><strong><em>r.</em></strong></span> 
     </span>
     <span class='ocr_line' id='line_1_17' title="bbox 344 1775 1343 1857; baseline 0.003 -24"><span class='ocrx_word' id='word_1_137' title='bbox 344 1775 425 1856; x_wconf 86' lang='lat' dir='ltr'><strong><em>qnod</em></strong></span> <span class='ocrx_word' id='word_1_138' title='bbox 445 1777 588 1850; x_wconf 87' lang='lat' dir='ltr'><strong><em>gaudium</em></strong></span> <span class='ocrx_word' id='word_1_139' title='bbox 611 1777 806 1851; x_wconf 85' lang='lat' dir='ltr'><strong><em>consurgendi</em></strong></span> <span class='ocrx_word' id='word_1_140' title='bbox 831 1777 1043 1857; x_wconf 88' lang='lat' dir='ltr'><strong><em>assistendique</em></strong></span> <span class='ocrx_word' id='word_1_141' title='bbox 1064 1776 1141 1837; x_wconf 85' lang='lat' dir='ltr'><strong><em>inter</em></strong></span> <span class='ocrx_word' id='word_1_142' title='bbox 1160 1785 1293 1835; x_wconf 73' lang='lat' dir='ltr'><strong><em>tacentes</em></strong></span> <span class='ocrx_word' id='word_1_143' title='bbox 1313 1785 1343 1837; x_wconf 85' lang='lat' dir='ltr'><strong><em>et</em></strong></span> 
     </span>
     <span class='ocr_line' id='line_1_18' title="bbox 260 1856 1411 1939; baseline 0.003 -23"><span class='ocrx_word' id='word_1_144' title='bbox 260 1860 291 1916; x_wconf 89' lang='lat' dir='ltr'><strong><em>in</em></strong></span> <span class='ocrx_word' id='word_1_145' title='bbox 315 1878 402 1915; x_wconf 88' lang='lat' dir='ltr'><strong><em>unum</em></strong></span> <span class='ocrx_word' id='word_1_146' title='bbox 425 1856 595 1939; x_wconf 78' lang='lat' dir='ltr'><strong><em>conversos]</em></strong></span> <span class='ocrx_word' id='word_1_147' title='bbox 632 1857 711 1939; x_wconf 89' lang='lat' dir='ltr'><strong><em>quod</em></strong></span> <span class='ocrx_word' id='word_1_148' title='bbox 740 1858 773 1915; x_wconf 87' lang='lat' dir='ltr'><strong><em>id</em></strong></span> <span class='ocrx_word' id='word_1_149' title='bbox 789 1857 932 1932; x_wconf 86' lang='lat' dir='ltr'><strong><em>gaudium</em></strong></span> <span class='ocrx_word' id='word_1_150' title='bbox 959 1856 1052 1918; x_wconf 80' lang='lat' dir='ltr'><strong><em>codd.</em></strong></span> <span class='ocrx_word' id='word_1_151' title='bbox 1074 1859 1160 1919; x_wconf 78' lang='lat' dir='ltr'><strong><em>Farn.</em></strong></span> <span class='ocrx_word' id='word_1_152' title='bbox 1182 1857 1290 1917; x_wconf 80' lang='lat' dir='ltr'><strong><em>Vaticc.</em></strong></span> <span class='ocrx_word' id='word_1_153' title='bbox 1313 1868 1342 1920; x_wconf 80' lang='lat' dir='ltr'><strong><em>et</em></strong></span> <span class='ocrx_word' id='word_1_154' title='bbox 1409 1894 1411 1898; x_wconf 20' lang='grc' dir='ltr'><strong><em>Δ</em></strong></span> 
     </span>
     <span class='ocr_line' id='line_1_19' title="bbox 260 1937 1342 2019; baseline 0 -21"><span class='ocrx_word' id='word_1_155' title='bbox 260 1954 298 1998; x_wconf 80' lang='lat' dir='ltr'><strong><em>ex</em></strong></span> <span class='ocrx_word' id='word_1_156' title='bbox 329 1938 451 1998; x_wconf 86' lang='lat' dir='ltr'><strong><em>coniect.</em></strong></span> <span class='ocrx_word' id='word_1_157' title='bbox 480 1939 563 1998; x_wconf 78' lang='lat' dir='ltr'><strong><em>Aeto.</em></strong></span> <span class='ocrx_word' id='word_1_158' title='bbox 595 1937 630 1997; x_wconf 87' lang='lat' dir='ltr'><strong><em>ab</em></strong></span> <span class='ocrx_word' id='word_1_159' title='bbox 658 1940 822 1998; x_wconf 83' lang='lat' dir='ltr'><strong><em>Heumann.</em></strong></span> <span class='ocrx_word' id='word_1_160' title='bbox 849 1939 1056 2019; x_wconf 88' lang='lat' dir='ltr'><strong><em>interpositum</em></strong></span> <span class='ocrx_word' id='word_1_161' title='bbox 1084 1939 1239 1998; x_wconf 83' lang='lat' dir='ltr'><strong><em>coufirmat</em></strong></span> <span class='ocrx_word' id='word_1_162' title='bbox 1268 1937 1342 1999; x_wconf 83' lang='lat' dir='ltr'><strong><em>cod.</em></strong></span> 
     </span>
     <span class='ocr_line' id='line_1_20' title="bbox 261 2018 1341 2101; baseline 0.003 -23"><span class='ocrx_word' id='word_1_163' title='bbox 261 2020 366 2095; x_wconf 76' lang='lat' dir='ltr'><strong><em>Foru,</em></strong></span> <span class='ocrx_word' id='word_1_164' title='bbox 394 2020 473 2080; x_wconf 86' lang='lat' dir='ltr'><strong><em>unde</em></strong></span> <span class='ocrx_word' id='word_1_165' title='bbox 500 2032 676 2101; x_wconf 86' lang='lat' dir='ltr'><strong><em>receperunt</em></strong></span> <span class='ocrx_word' id='word_1_166' title='bbox 694 2019 813 2080; x_wconf 87' lang='lat' dir='ltr'><strong><em>Walth.</em></strong></span> <span class='ocrx_word' id='word_1_167' title='bbox 835 2018 922 2079; x_wconf 82' lang='lat' dir='ltr'><strong><em>Bach.</em></strong></span> <span class='ocrx_word' id='word_1_168' title='bbox 945 2021 1018 2079; x_wconf 87' lang='lat' dir='ltr'><strong><em>Ritt.</em></strong></span> <span class='ocrx_word' id='word_1_169' title='bbox 1058 2023 1182 2080; x_wconf 85' lang='lat' dir='ltr'><strong><em>Veteres</em></strong></span> <span class='ocrx_word' id='word_1_170' title='bbox 1208 2032 1341 2081; x_wconf 80' lang='lat' dir='ltr'><strong><em>oratores</em></strong></span> 
     </span>
     <span class='ocr_line' id='line_1_21' title="bbox 262 2100 1390 2183; baseline -0.001 -22"><span class='ocrx_word' id='word_1_171' title='bbox 262 2112 294 2161; x_wconf 84' lang='lat' dir='ltr'><strong><em>et</em></strong></span> <span class='ocrx_word' id='word_1_172' title='bbox 313 2122 462 2161; x_wconf 82' lang='lat' dir='ltr'><strong><em>causarum</em></strong></span> <span class='ocrx_word' id='word_1_173' title='bbox 475 2102 600 2183; x_wconf 82' lang='lat' dir='ltr'><strong><em>’patroni</em></strong></span> <span class='ocrx_word' id='word_1_174' title='bbox 619 2104 655 2162; x_wconf 81' lang='lat' dir='ltr'><strong><em>ud</em></strong></span> <span class='ocrx_word' id='word_1_175' title='bbox 675 2100 830 2162; x_wconf 85' lang='lat' dir='ltr'><strong><em>dicendum</em></strong></span> <span class='ocrx_word' id='word_1_176' title='bbox 851 2122 972 2183; x_wconf 83' lang='lat' dir='ltr'><strong><em>surgere</em></strong></span> <span class='ocrx_word' id='word_1_177' title='bbox 994 2100 1146 2177; x_wconf 81' lang='lat' dir='ltr'><strong><em>solebant,</em></strong></span> <span class='ocrx_word' id='word_1_178' title='bbox 1176 2102 1245 2160; x_wconf 90' lang='lat' dir='ltr'><strong><em>dnm</em></strong></span> <span class='ocrx_word' id='word_1_179' title='bbox 1265 2100 1343 2160; x_wconf 89' lang='lat' dir='ltr'><strong><em>indi·</em></strong></span> <span class='ocrx_word' id='word_1_180' title='bbox 1386 2164 1390 2168; x_wconf 67' lang='grc'><em>,</em></span> 
     </span>
     <span class='ocr_line' id='line_1_22' title="bbox 263 2182 1343 2259; baseline -0.001 -16"><span class='ocrx_word' id='word_1_181' title='bbox 263 2203 333 2258; x_wconf 79' lang='lat' dir='ltr'><strong><em>ees,</em></strong></span> <span class='ocrx_word' id='word_1_182' title='bbox 361 2182 529 2259; x_wconf 75' lang='lat' dir='ltr'><strong><em>auditores,</em></strong></span> <span class='ocrx_word' id='word_1_183' title='bbox 556 2205 601 2242; x_wconf 84' lang='lat' dir='ltr'><strong><em>ma</em></strong></span> <span class='ocrx_word' id='word_1_184' title='bbox 624 2182 745 2249; x_wconf 78' lang='lat' dir='ltr'><strong><em>’stratus</em></strong></span> <span class='ocrx_word' id='word_1_185' title='bbox 776 2183 880 2243; x_wconf 89' lang='lat' dir='ltr'><strong><em>sedent</em></strong></span> <span class='ocrx_word' id='word_1_186' title='bbox 905 2195 935 2242; x_wconf 85' lang='lat' dir='ltr'><strong><em>et</em></strong></span> <span class='ocrx_word' id='word_1_187' title='bbox 963 2202 1016 2243; x_wconf 88' lang='lat' dir='ltr'><strong><em>ore</em></strong></span> <span class='ocrx_word' id='word_1_188' title='bbox 1041 2184 1071 2242; x_wconf 89' lang='lat' dir='ltr'><strong><em>iu</em></strong></span> <span class='ocrx_word' id='word_1_189' title='bbox 1101 2191 1248 2241; x_wconf 78' lang='lat' dir='ltr'><strong><em>oratorem</em></strong></span> <span class='ocrx_word' id='word_1_190' title='bbox 1269 2203 1343 2244; x_wconf 84' lang='lat' dir='ltr'><strong><em>con-</em></strong></span> 
     </span>
     <span class='ocr_line' id='line_1_23' title="bbox 263 2206 1341 2345; baseline -0.001 -21"><span class='ocrx_word' id='word_1_191' title='bbox 263 2274 353 2324; x_wconf 71' lang='lat' dir='ltr'><strong><em>verso</em></strong></span> <span class='ocrx_word' id='word_1_192' title='bbox 379 2274 486 2323; x_wconf 80' lang='lat' dir='ltr'><strong><em>tacent.</em></strong></span> <span class='ocrx_word' id='word_1_193' title='bbox 508 2264 556 2324; x_wconf 83' lang='lat' dir='ltr'><strong><em>vd.</em></strong></span> <span class='ocrx_word' id='word_1_194' title='bbox 576 2206 661 2324; x_wconf 59' lang='lat' dir='ltr'><strong><em>“Phliu</em></strong></span> <span class='ocrx_word' id='word_1_195' title='bbox 688 2264 762 2345; x_wconf 80' lang='lat' dir='ltr'><strong><em>Epp.</em></strong></span> <span class='ocrx_word' id='word_1_196' title='bbox 785 2266 807 2337; x_wconf 91' lang='lat' dir='ltr'><strong><em>l,</em></strong></span> <span class='ocrx_word' id='word_1_197' title='bbox 827 2271 877 2325; x_wconf 80' lang='grc'><strong><em>23.</em></strong></span> <span class='ocrx_word' id='word_1_198' title='bbox 904 2261 966 2330; x_wconf 79' lang='lat' dir='ltr'><strong><em>Ciu.</em></strong></span> <span class='ocrx_word' id='word_1_199' title='bbox 996 2285 1039 2345; x_wconf 89' lang='lat' dir='ltr'><strong><em>pr.</em></strong></span> <span class='ocrx_word' id='word_1_200' title='bbox 1069 2267 1158 2326; x_wconf 76' lang='lat' dir='ltr'><strong><em>Rosa.</em></strong></span> <span class='ocrx_word' id='word_1_201' title='bbox 1186 2266 1285 2324; x_wconf 76' lang='lat' dir='ltr'><strong><em>Amen.</em></strong></span> <span class='ocrx_word' id='word_1_202' title='bbox 1315 2270 1341 2325; x_wconf 89' lang='lat'><strong><em>1.</em></strong></span> 
     </span>
     <span class='ocr_line' id='line_1_24' title="bbox 265 2331 1343 2423; baseline 0 -18"><span class='ocrx_word' id='word_1_203' title='bbox 265 2345 301 2405; x_wconf 82' lang='lat' dir='ltr'><strong><em>de</em></strong></span> <span class='ocrx_word' id='word_1_204' title='bbox 323 2345 407 2405; x_wconf 80' lang='lat' dir='ltr'><strong><em>Orat.</em></strong></span> <span class='ocrx_word' id='word_1_205' title='bbox 429 2347 466 2421; x_wconf 77' lang='lat' dir='ltr'><strong><em>lt,</em></strong></span> <span class='ocrx_word' id='word_1_206' title='bbox 489 2352 539 2420; x_wconf 76' lang='lat'><strong><em>78,</em></strong></span> <span class='ocrx_word' id='word_1_207' title='bbox 561 2351 630 2405; x_wconf 82' lang='grc'><strong>316.</strong></span> <span class='ocrx_word' id='word_1_208' title='bbox 649 2331 771 2423; x_wconf 68' lang='lat' dir='ltr'><strong><em>‘Quint</em></strong></span> <span class='ocrx_word' id='word_1_209' title='bbox 786 2349 829 2420; x_wconf 75' lang='lat' dir='ltr'><strong><em>il,</em></strong></span> <span class='ocrx_word' id='word_1_210' title='bbox 852 2351 881 2418; x_wconf 83' lang='grc'><strong><em>6,</em></strong></span> <span class='ocrx_word' id='word_1_211' title='bbox 903 2353 938 2405; x_wconf 80' lang='grc'><strong><em>2.-</em></strong></span> <span class='ocrx_word' id='word_1_212' title='bbox 960 2367 1080 2420; x_wconf 78' lang='lat' dir='ltr'><strong><em>surgere</em></strong></span> <span class='ocrx_word' id='word_1_213' title='bbox 1108 2346 1152 2405; x_wconf 84' lang='lat' dir='ltr'><strong><em>od</em></strong></span> <span class='ocrx_word' id='word_1_214' title='bbox 1170 2347 1343 2416; x_wconf 65' lang='lat' dir='ltr'><strong><em>dicendome</em></strong></span> 
     </span>
     <span class='ocr_line' id='line_1_25' title="bbox 216 2427 1343 2511; baseline 0.003 -26"><span class='ocrx_word' id='word_1_215' title='bbox 216 2448 220 2453; x_wconf 83' lang='grc'><em>·</em></span> <span class='ocrx_word' id='word_1_216' title='bbox 265 2427 309 2486; x_wconf 81' lang='lat' dir='ltr'><strong><em>oie</em></strong></span> <span class='ocrx_word' id='word_1_217' title='bbox 329 2429 471 2497; x_wconf 70' lang='lat' dir='ltr'><strong><em>draorirar</em></strong></span> <span class='ocrx_word' id='word_1_218' title='bbox 497 2427 651 2486; x_wconf 81' lang='lat' dir='ltr'><strong><em>Deurosth.</em></strong></span> <span class='ocrx_word' id='word_1_219' title='bbox 672 2428 797 2511; x_wconf 70' lang='lat' dir='ltr'><strong><em>Olynth.</em></strong></span> <span class='ocrx_word' id='word_1_220' title='bbox 819 2430 854 2500; x_wconf 85' lang='grc' dir='ltr'><strong><em>ΙΙ,</em></strong></span> <span class='ocrx_word' id='word_1_221' title='bbox 876 2434 903 2486; x_wconf 88' lang='grc'><strong><em>6.</em></strong></span> <span class='ocrx_word' id='word_1_222' title='bbox 931 2429 1000 2508; x_wconf 85' lang='lat' dir='ltr'><strong><em>ibiq.</em></strong></span> <span class='ocrx_word' id='word_1_223' title='bbox 1030 2428 1157 2509; x_wconf 55' lang='lat' dir='ltr'><strong><em>ltuedig‘.</em></strong></span> <span class='ocrx_word' id='word_1_224' title='bbox 1202 2427 1343 2508; x_wconf 80' lang='lat' dir='ltr'><strong><em>Exempla</em></strong></span> 
     </span>
     <span class='ocr_line' id='line_1_26' title="bbox 243 2504 1417 2590; baseline 0.002 -23"><span class='ocrx_word' id='word_1_225' title='bbox 243 2518 434 2568; x_wconf 74' lang='lat' dir='ltr'><strong><em>structurae</em></strong></span> <span class='ocrx_word' id='word_1_226' title='bbox 452 2508 794 2590; x_wconf 74' lang='lat' dir='ltr'><strong><em>gerundiiollert&#39;Tae.</em></strong></span> <span class='ocrx_word' id='word_1_227' title='bbox 816 2509 894 2568; x_wconf 78' lang='lat' dir='ltr'><strong><em>Anu.</em></strong></span> <span class='ocrx_word' id='word_1_228' title='bbox 916 2512 952 2584; x_wconf 80' lang='grc' dir='ltr'><strong><em>ΙΙ,</em></strong></span> <span class='ocrx_word' id='word_1_229' title='bbox 974 2514 1023 2569; x_wconf 88' lang='grc'><strong><em>47.</em></strong></span> <span class='ocrx_word' id='word_1_230' title='bbox 1051 2530 1142 2588; x_wconf 85' lang='lat' dir='ltr'><strong><em>neque</em></strong></span> <span class='ocrx_word' id='word_1_231' title='bbox 1169 2511 1285 2568; x_wconf 89' lang='lat' dir='ltr'><strong><em>solitum</em></strong></span> <span class='ocrx_word' id='word_1_232' title='bbox 1310 2513 1341 2569; x_wconf 86' lang='lat' dir='ltr'><strong><em>in</em></strong></span> <span class='ocrx_word' id='word_1_233' title='bbox 1414 2504 1417 2515; x_wconf 73' lang='lat'>&#39;</span> 
     </span>
     <span class='ocr_line' id='line_1_27' title="bbox 264 2589 1342 2672; baseline 0.004 -25"><span class='ocrx_word' id='word_1_234' title='bbox 264 2591 323 2648; x_wconf 80' lang='lat' dir='ltr'><strong><em>tali</em></strong></span> <span class='ocrx_word' id='word_1_235' title='bbox 349 2608 422 2648; x_wconf 85' lang='lat' dir='ltr'><strong><em>casu</em></strong></span> <span class='ocrx_word' id='word_1_236' title='bbox 452 2589 591 2669; x_wconf 78' lang='lat' dir='ltr'><strong><em>effirgiurn</em></strong></span> <span class='ocrx_word' id='word_1_237' title='bbox 619 2592 805 2649; x_wconf 75' lang='lat' dir='ltr'><strong><em>subveniebat</em></strong></span> <span class='ocrx_word' id='word_1_238' title='bbox 820 2595 855 2648; x_wconf 84' lang='lat' dir='ltr'><strong><em>in</em></strong></span> <span class='ocrx_word' id='word_1_239' title='bbox 875 2601 983 2671; x_wconf 80' lang='lat' dir='ltr'><strong><em>operta</em></strong></span> <span class='ocrx_word' id='word_1_240' title='bbox 1008 2590 1220 2672; x_wconf 85' lang='lat' dir='ltr'><strong><em>prorumpendi</em></strong></span> <span class='ocrx_word' id='word_1_241' title='bbox 1236 2589 1289 2650; x_wconf 82' lang='lat' dir='ltr'><strong><em>ubi</em></strong></span> <span class='ocrx_word' id='word_1_242' title='bbox 1313 2610 1342 2651; x_wconf 83' lang='lat' dir='ltr'><strong><em>v.</em></strong></span> 
     </span>
     <span class='ocr_line' id='line_1_28' title="bbox 229 2664 1344 2753; baseline 0.001 -23"><span class='ocrx_word' id='word_1_243' title='bbox 229 2720 237 2737; x_wconf 72' lang='lat'><strong><em>.</em></strong></span> <span class='ocrx_word' id='word_1_244' title='bbox 264 2670 354 2730; x_wconf 79' lang='lat' dir='ltr'><strong><em>Beth.</em></strong></span> <span class='ocrx_word' id='word_1_245' title='bbox 376 2672 428 2746; x_wconf 81' lang='grc' dir='ltr'><strong><em>Ν,</em></strong></span> <span class='ocrx_word' id='word_1_246' title='bbox 449 2679 477 2732; x_wconf 83' lang='grc'><strong><em>2.</em></strong></span> <span class='ocrx_word' id='word_1_247' title='bbox 507 2693 605 2753; x_wconf 83' lang='lat' dir='ltr'><strong><em>neque·</em></strong></span> <span class='ocrx_word' id='word_1_248' title='bbox 625 2664 758 2731; x_wconf 84' lang='lat' dir='ltr'><strong><em>senator‘</em></strong></span> <span class='ocrx_word' id='word_1_249' title='bbox 801 2672 917 2731; x_wconf 89' lang='lat' dir='ltr'><strong><em>ambitu</em></strong></span> <span class='ocrx_word' id='word_1_250' title='bbox 942 2673 1108 2731; x_wconf 81' lang='lat' dir='ltr'><strong><em>abstinebat</em></strong></span> <span class='ocrx_word' id='word_1_251' title='bbox 1134 2674 1253 2731; x_wconf 87' lang='lat' dir='ltr'><strong><em>clientes</em></strong></span> <span class='ocrx_word' id='word_1_252' title='bbox 1274 2690 1344 2731; x_wconf 84' lang='lat' dir='ltr'><strong><em>suos</em></strong></span> 
     </span>
     <span class='ocr_line' id='line_1_29' title="bbox 265 2694 1344 2835; baseline -0.001 -23"><span class='ocrx_word' id='word_1_253' title='bbox 265 2753 425 2812; x_wconf 75' lang='lat' dir='ltr'><strong><em>bonoribus</em></strong></span> <span class='ocrx_word' id='word_1_254' title='bbox 449 2765 504 2811; x_wconf 85' lang='lat' dir='ltr'><strong><em>aut</em></strong></span> <span class='ocrx_word' id='word_1_255' title='bbox 526 2758 686 2835; x_wconf 77' lang='lat' dir='ltr'><strong><em>provinciis</em></strong></span> <span class='ocrx_word' id='word_1_256' title='bbox 713 2694 845 2813; x_wconf 38' lang='lat' dir='ltr'><strong><em>orssndi.</em></strong></span> <span class='ocrx_word' id='word_1_257' title='bbox 878 2754 978 2835; x_wconf 72' lang='lat' dir='ltr'><strong><em>Agrie.</em></strong></span> <span class='ocrx_word' id='word_1_258' title='bbox 1000 2760 1048 2813; x_wconf 84' lang='grc'><strong><em>35.</em></strong></span> <span class='ocrx_word' id='word_1_259' title='bbox 1071 2758 1231 2828; x_wconf 79' lang='lat' dir='ltr'><strong><em>-·irrgeus</em></strong></span> <span class='ocrx_word' id='word_1_260' title='bbox 1253 2758 1344 2813; x_wconf 83' lang='lat' dir='ltr'><strong><em>ricto-</em></strong></span> 
     </span>
     <span class='ocr_line' id='line_1_30' title="bbox 267 2834 1345 2911; baseline 0.004 -19"><span class='ocrx_word' id='word_1_261' title='bbox 267 2838 334 2893; x_wconf 90' lang='lat' dir='ltr'><strong><em>riae</em></strong></span> <span class='ocrx_word' id='word_1_262' title='bbox 360 2835 449 2893; x_wconf 84' lang='lat' dir='ltr'><strong><em>decus</em></strong></span> <span class='ocrx_word' id='word_1_263' title='bbox 477 2838 555 2894; x_wconf 80' lang='lat' dir='ltr'><strong><em>citra</em></strong></span> <span class='ocrx_word' id='word_1_264' title='bbox 582 2838 751 2895; x_wconf 86' lang='lat' dir='ltr'><strong><em>Romanum</em></strong></span> <span class='ocrx_word' id='word_1_265' title='bbox 776 2839 947 2911; x_wconf 81' lang='lat' dir='ltr'><strong><em>sanguinem</em></strong></span> <span class='ocrx_word' id='word_1_266' title='bbox 974 2835 1104 2895; x_wconf 88' lang='lat' dir='ltr'><strong><em>bellandi</em></strong></span> <span class='ocrx_word' id='word_1_267' title='bbox 1126 2855 1163 2880; x_wconf 86' lang='grc'><strong><em>-’-</em></strong></span> <span class='ocrx_word' id='word_1_268' title='bbox 1192 2834 1345 2897; x_wconf 73' lang='lat' dir='ltr'><strong><em>nbi·male</em></strong></span> 
     </span>
     <span class='ocr_line' id='line_1_31' title="bbox 265 2915 1246 2975; baseline 0 0"><span class='ocrx_word' id='word_1_269' title='bbox 265 2915 387 2975; x_wconf 79' lang='lat' dir='ltr'><strong><em>Walch.</em></strong></span> <span class='ocrx_word' id='word_1_270' title='bbox 408 2917 537 2975; x_wconf 84' lang='lat' dir='ltr'><strong><em>bellanti.</em></strong></span> <span class='ocrx_word' id='word_1_271' title='bbox 597 2966 600 2971; x_wconf 95' lang='lat'><strong><em>.</em></strong></span> <span class='ocrx_word' id='word_1_272' title='bbox 1243 2942 1246 2947; x_wconf 93' lang='lat'>·</span> 
     </span>
     <span class='ocr_line' id='line_1_32' title="bbox 353 2996 1345 3081; baseline 0.003 -26"><span class='ocrx_word' id='word_1_273' title='bbox 353 3008 382 3056; x_wconf 92' lang='lat' dir='ltr'><strong><em>et</em></strong></span> <span class='ocrx_word' id='word_1_274' title='bbox 407 2997 604 3076; x_wconf 80' lang='lat' dir='ltr'><strong><em>circumfundi</em></strong></span> <span class='ocrx_word' id='word_1_275' title='bbox 628 2998 786 3081; x_wconf 89' lang='lat' dir='ltr'><strong><em>coronam]</em></strong></span> <span class='ocrx_word' id='word_1_276' title='bbox 814 3000 916 3060; x_wconf 88' lang='lat' dir='ltr'><strong><em>cora‘m</em></strong></span> <span class='ocrx_word' id='word_1_277' title='bbox 943 2998 1082 3059; x_wconf 83' lang='lat' dir='ltr'><strong><em>exhibent</em></strong></span> <span class='ocrx_word' id='word_1_278' title='bbox 1111 2996 1208 3059; x_wconf 68' lang='lat' dir='ltr'><strong><em>codd.</em></strong></span> <span class='ocrx_word' id='word_1_279' title='bbox 1233 3010 1263 3059; x_wconf 89' lang='lat' dir='ltr'><strong><em>et</em></strong></span> <span class='ocrx_word' id='word_1_280' title='bbox 1280 2997 1345 3079; x_wconf 88' lang='lat' dir='ltr'><strong><em>ple-</em></strong></span> 
     </span>
     <span class='ocr_line' id='line_1_33' title="bbox 271 3079 1348 3162; baseline 0.002 -26"><span class='ocrx_word' id='word_1_281' title='bbox 271 3096 379 3157; x_wconf 77' lang='lat' dir='ltr'><strong><em>raeque</em></strong></span> <span class='ocrx_word' id='word_1_282' title='bbox 395 3079 473 3138; x_wconf 56' lang='lat' dir='ltr'><strong><em>*Edd</em></strong></span> <span class='ocrx_word' id='word_1_283' title='bbox 495 3100 635 3140; x_wconf 73' lang='lat' dir='ltr'><strong><em>cortinam</em></strong></span> <span class='ocrx_word' id='word_1_284' title='bbox 658 3103 692 3141; x_wconf 86' lang='lat' dir='ltr'><strong><em>ex</em></strong></span> <span class='ocrx_word' id='word_1_285' title='bbox 714 3082 855 3140; x_wconf 79' lang='lat' dir='ltr'><strong><em>emendat.</em></strong></span> <span class='ocrx_word' id='word_1_286' title='bbox 876 3081 987 3141; x_wconf 78' lang='lat' dir='ltr'><strong><em>Actdat.</em></strong></span> <span class='ocrx_word' id='word_1_287' title='bbox 1008 3093 1039 3140; x_wconf 88' lang='lat' dir='ltr'><strong><em>et</em></strong></span> <span class='ocrx_word' id='word_1_288' title='bbox 1052 3080 1149 3140; x_wconf 74' lang='lat' dir='ltr'><strong><em>schel.</em></strong></span> <span class='ocrx_word' id='word_1_289' title='bbox 1169 3086 1348 3162; x_wconf 81' lang='lat' dir='ltr'><strong><em>receperunt</em></strong></span> 
     </span>
    </p>
   </div>
   <div class='ocr_carea' id='block_1_4' title="bbox 271 3158 1346 3242">
    <p class='ocr_par' dir='ltr' id='par_1_4' title="bbox 271 3158 1346 3242">
     <span class='ocr_line' id='line_1_34' title="bbox 271 3158 1346 3242; baseline 0.003 -24"><span class='ocrx_word' id='word_1_290' title='bbox 271 3159 342 3219; x_wconf 86' lang='lat' dir='ltr'><strong><em>Ern.</em></strong></span> <span class='ocrx_word' id='word_1_291' title='bbox 368 3158 470 3219; x_wconf 82' lang='lat' dir='ltr'><strong><em>Oberl.</em></strong></span> <span class='ocrx_word' id='word_1_292' title='bbox 491 3162 612 3231; x_wconf 80' lang='lat' dir='ltr'><strong><em>Bekker.</em></strong></span> <span class='ocrx_word' id='word_1_293' title='bbox 627 3163 773 3223; x_wconf 86' lang='lat' dir='ltr'><strong><em>Boettich.</em></strong></span> <span class='ocrx_word' id='word_1_294' title='bbox 790 3164 907 3223; x_wconf 83' lang='lat' dir='ltr'><strong><em>Walth.</em></strong></span> <span class='ocrx_word' id='word_1_295' title='bbox 927 3163 1014 3223; x_wconf 81' lang='lat' dir='ltr'><strong><em>Bach.</em></strong></span> <span class='ocrx_word' id='word_1_296' title='bbox 1036 3163 1120 3239; x_wconf 77' lang='lat' dir='ltr'><strong><em>nnn,</em></strong></span> <span class='ocrx_word' id='word_1_297' title='bbox 1136 3165 1217 3242; x_wconf 88' lang='lat' dir='ltr'><strong><em>quod</em></strong></span> <span class='ocrx_word' id='word_1_298' title='bbox 1231 3184 1247 3222; x_wconf 86' lang='lat' dir='ltr'><strong><em>e</em></strong></span> <span class='ocrx_word' id='word_1_299' title='bbox 1263 3180 1346 3221; x_wconf 85' lang='lat' dir='ltr'><strong><em>com·</em></strong></span> 
     </span>
    </p>
   </div>
   <div class='ocr_carea' id='block_1_5' title="bbox 162 3241 1345 3326">
    <p class='ocr_par' dir='ltr' id='par_1_5' title="bbox 162 3241 1345 3326">
     <span class='ocr_line' id='line_1_35' title="bbox 162 3241 1345 3326; baseline 0.001 -25"><span class='ocrx_word' id='word_1_300' title='bbox 162 3286 165 3291; x_wconf 63' lang='grc'><strong>»</strong></span> <span class='ocrx_word' id='word_1_301' title='bbox 272 3241 382 3322; x_wconf 78' lang='lat' dir='ltr'><strong><em>pendia</em></strong></span> <span class='ocrx_word' id='word_1_302' title='bbox 406 3245 509 3301; x_wconf 79' lang='lat' dir='ltr'><strong><em>roiam</em></strong></span> <span class='ocrx_word' id='word_1_303' title='bbox 531 3244 614 3304; x_wconf 70' lang='lat' dir='ltr'><strong><em>tacite</em></strong></span> <span class='ocrx_word' id='word_1_304' title='bbox 634 3245 699 3304; x_wconf 89' lang='lat' dir='ltr'><strong><em>elici</em></strong></span> <span class='ocrx_word' id='word_1_305' title='bbox 718 3257 833 3326; x_wconf 85' lang='lat' dir='ltr'><strong><em>putest;</em></strong></span> <span class='ocrx_word' id='word_1_306' title='bbox 862 3266 973 3307; x_wconf 84' lang='lat' dir='ltr'><strong><em>corona</em></strong></span> <span class='ocrx_word' id='word_1_307' title='bbox 994 3244 1109 3305; x_wconf 81' lang='lat' dir='ltr'><strong><em>Schulr.</em></strong></span> <span class='ocrx_word' id='word_1_308' title='bbox 1131 3244 1252 3304; x_wconf 77' lang='lat' dir='ltr'><strong><em>Walch.</em></strong></span> <span class='ocrx_word' id='word_1_309' title='bbox 1272 3243 1345 3324; x_wconf 75' lang='lat' dir='ltr'><strong><em>dgr.</em></strong></span> 
     </span>
    </p>
   </div>
   <div class='ocr_carea' id='block_1_6' title="bbox 185 3324 1422 3574">
    <p class='ocr_par' dir='ltr' id='par_1_6' title="bbox 185 3324 1422 3574">
     <span class='ocr_line' id='line_1_36' title="bbox 185 3324 1422 3407; baseline 0.002 -25"><span class='ocrx_word' id='word_1_310' title='bbox 185 3369 189 3374; x_wconf 83' lang='lat'><strong><em>.</em></strong></span> <span class='ocrx_word' id='word_1_311' title='bbox 263 3324 302 3403; x_wconf 81' lang='grc' dir='ltr'><strong><em>Ἰ).</em></strong></span> <span class='ocrx_word' id='word_1_312' title='bbox 317 3327 386 3382; x_wconf 78' lang='grc'><strong>310.</strong></span> <span class='ocrx_word' id='word_1_313' title='bbox 408 3324 452 3382; x_wconf 87' lang='lat' dir='ltr'><strong><em>Ex</em></strong></span> <span class='ocrx_word' id='word_1_314' title='bbox 465 3325 579 3385; x_wconf 85' lang='lat' dir='ltr'><strong><em>Dronk.</em></strong></span> <span class='ocrx_word' id='word_1_315' title='bbox 594 3326 747 3407; x_wconf 81' lang='lat' dir='ltr'><strong><em>interpret.</em></strong></span> <span class='ocrx_word' id='word_1_316' title='bbox 759 3348 861 3387; x_wconf 89' lang='lat' dir='ltr'><strong><em>coram</em></strong></span> <span class='ocrx_word' id='word_1_317' title='bbox 876 3325 1072 3406; x_wconf 85' lang='lat' dir='ltr'><strong><em>circumfundi</em></strong></span> <span class='ocrx_word' id='word_1_318' title='bbox 1084 3326 1212 3407; x_wconf 87' lang='lat' dir='ltr'><strong><em>populus</em></strong></span> <span class='ocrx_word' id='word_1_319' title='bbox 1226 3324 1346 3399; x_wconf 83' lang='lat' dir='ltr'><strong><em>dieitur,</em></strong></span> <span class='ocrx_word' id='word_1_320' title='bbox 1418 3339 1422 3345; x_wconf 81' lang='grc'><em>’</em></span> 
     </span>
     <span class='ocr_line' id='line_1_37' title="bbox 276 3400 1349 3489; baseline 0 -26"><span class='ocrx_word' id='word_1_321' title='bbox 276 3405 344 3484; x_wconf 77' lang='lat' dir='ltr'><strong><em>qni,</em></strong></span> <span class='ocrx_word' id='word_1_322' title='bbox 372 3417 512 3484; x_wconf 76' lang='lat' dir='ltr'><strong><em>quammn</em></strong></span> <span class='ocrx_word' id='word_1_323' title='bbox 538 3408 672 3488; x_wconf 84' lang='lat' dir='ltr'><strong><em>proxime</em></strong></span> <span class='ocrx_word' id='word_1_324' title='bbox 693 3409 804 3489; x_wconf 81' lang='lat' dir='ltr'><strong><em>possit,</em></strong></span> <span class='ocrx_word' id='word_1_325' title='bbox 832 3410 867 3468; x_wconf 81' lang='lat' dir='ltr'><strong><em>ud</em></strong></span> <span class='ocrx_word' id='word_1_326' title='bbox 895 3421 1042 3469; x_wconf 74' lang='lat' dir='ltr'><strong><em>oratorem</em></strong></span> <span class='ocrx_word' id='word_1_327' title='bbox 1063 3400 1201 3468; x_wconf 78' lang='lat' dir='ltr'><strong><em>accedere</em></strong></span> <span class='ocrx_word' id='word_1_328' title='bbox 1221 3416 1349 3466; x_wconf 80' lang='lat' dir='ltr'><strong><em>conatur</em></strong></span> 
     </span>
     <span class='ocr_line' id='line_1_38' title="bbox 273 3486 1348 3574; baseline 0.005 -30"><span class='ocrx_word' id='word_1_329' title='bbox 273 3506 400 3566; x_wconf 83' lang='lat' dir='ltr'><strong><em>eumque</em></strong></span> <span class='ocrx_word' id='word_1_330' title='bbox 418 3488 569 3548; x_wconf 81' lang='lat' dir='ltr'><strong><em>confertus</em></strong></span> <span class='ocrx_word' id='word_1_331' title='bbox 590 3488 766 3565; x_wconf 79' lang='lat' dir='ltr'><strong><em>circumdat,</em></strong></span> <span class='ocrx_word' id='word_1_332' title='bbox 787 3510 847 3569; x_wconf 87' lang='lat' dir='ltr'><strong><em>quo</em></strong></span> <span class='ocrx_word' id='word_1_333' title='bbox 867 3490 971 3549; x_wconf 82' lang='lat' dir='ltr'><strong><em>melius</em></strong></span> <span class='ocrx_word' id='word_1_334' title='bbox 992 3489 1080 3548; x_wconf 74' lang='lat' dir='ltr'><strong><em>verba</em></strong></span> <span class='ocrx_word' id='word_1_335' title='bbox 1099 3486 1191 3574; x_wconf 81' lang='lat' dir='ltr'><strong><em>ipsius</em></strong></span> <span class='ocrx_word' id='word_1_336' title='bbox 1212 3486 1348 3566; x_wconf 75' lang='lat' dir='ltr'><strong><em>excipiat·</em></strong></span> 
     </span>
    </p>
   </div>
   <div class='ocr_carea' id='block_1_7' title="bbox 133 3566 1400 3650">
    <p class='ocr_par' dir='ltr' id='par_1_7' title="bbox 133 3566 1400 3650">
     <span class='ocr_line' id='line_1_39' title="bbox 133 3566 1400 3650; baseline -0.001 -24"><span class='ocrx_word' id='word_1_337' title='bbox 133 3588 138 3599; x_wconf 85' lang='lat'><strong><em>¹</em></strong></span> <span class='ocrx_word' id='word_1_338' title='bbox 240 3568 394 3641; x_wconf 28' lang='lat' dir='ltr'><strong><em>⁴‘Corona</em></strong></span> <span class='ocrx_word' id='word_1_339' title='bbox 415 3580 461 3627; x_wconf 88' lang='lat' dir='ltr'><strong><em>est</em></strong></span> <span class='ocrx_word' id='word_1_340' title='bbox 479 3582 581 3628; x_wconf 83' lang='lat' dir='ltr'><strong><em>coetus</em></strong></span> <span class='ocrx_word' id='word_1_341' title='bbox 603 3570 758 3630; x_wconf 84' lang='lat' dir='ltr'><strong><em>hominurn</em></strong></span> <span class='ocrx_word' id='word_1_342' title='bbox 780 3571 907 3650; x_wconf 78' lang='lat' dir='ltr'><strong><em>aliquem</em></strong></span> <span class='ocrx_word' id='word_1_343' title='bbox 931 3566 1199 3639; x_wconf 76' lang='lat' dir='ltr'><strong><em>circumstantium,</em></strong></span> <span class='ocrx_word' id='word_1_344' title='bbox 1231 3566 1345 3646; x_wconf 78' lang='lat' dir='ltr'><strong><em>praeci·</em></strong></span> <span class='ocrx_word' id='word_1_345' title='bbox 1397 3634 1400 3637; x_wconf 12' lang='lat' dir='ltr'>y</span> 
     </span>
    </p>
   </div>
   <div class='ocr_carea' id='block_1_8' title="bbox 273 3647 1346 3809">
    <p class='ocr_par' dir='ltr' id='par_1_8' title="bbox 273 3647 1346 3809">
     <span class='ocr_line' id='line_1_40' title="bbox 273 3647 1345 3735; baseline 0 -29"><span class='ocrx_word' id='word_1_346' title='bbox 273 3666 333 3728; x_wconf 84' lang='lat' dir='ltr'><strong><em>pue</em></strong></span> <span class='ocrx_word' id='word_1_347' title='bbox 353 3648 496 3724; x_wconf 83' lang='lat' dir='ltr'><strong><em>iudicem,</em></strong></span> <span class='ocrx_word' id='word_1_348' title='bbox 525 3662 681 3710; x_wconf 80' lang='lat' dir='ltr'><strong><em>oratorem.</em></strong></span> <span class='ocrx_word' id='word_1_349' title='bbox 723 3650 785 3711; x_wconf 87' lang='lat' dir='ltr'><strong><em>Cic.</em></strong></span> <span class='ocrx_word' id='word_1_350' title='bbox 804 3669 848 3735; x_wconf 81' lang='lat' dir='ltr'><strong><em>pr.</em></strong></span> <span class='ocrx_word' id='word_1_351' title='bbox 868 3651 960 3711; x_wconf 76' lang='lat' dir='ltr'><strong><em>Flere.</em></strong></span> <span class='ocrx_word' id='word_1_352' title='bbox 981 3655 1029 3708; x_wconf 80' lang='lat'><strong><em>28.</em></strong></span> <span class='ocrx_word' id='word_1_353' title='bbox 1069 3647 1185 3706; x_wconf 80' lang='lat' dir='ltr'><strong><em>Inuidia</em></strong></span> <span class='ocrx_word' id='word_1_354' title='bbox 1204 3650 1345 3725; x_wconf 83' lang='lat' dir='ltr'><strong><em>queritur,</em></strong></span> 
     </span>
     <span class='ocr_line' id='line_1_41' title="bbox 274 3726 1346 3809; baseline 0 -22"><span class='ocrx_word' id='word_1_355' title='bbox 274 3749 296 3787; x_wconf 90' lang='lat' dir='ltr'><strong><em>a</em></strong></span> <span class='ocrx_word' id='word_1_356' title='bbox 313 3729 460 3792; x_wconf 83' lang='lat' dir='ltr'><strong><em>iudicibus</em></strong></span> <span class='ocrx_word' id='word_1_357' title='bbox 477 3736 575 3790; x_wconf 88' lang='lat' dir='ltr'><strong><em>oratio</em></strong></span> <span class='ocrx_word' id='word_1_358' title='bbox 595 3738 754 3808; x_wconf 78' lang='lat' dir='ltr'><strong><em>auertitur,</em></strong></span> <span class='ocrx_word' id='word_1_359' title='bbox 775 3755 830 3792; x_wconf 79' lang='lat' dir='ltr'><strong><em>oua</em></strong></span> <span class='ocrx_word' id='word_1_360' title='bbox 845 3735 874 3791; x_wconf 88' lang='lat' dir='ltr'><strong><em>in</em></strong></span> <span class='ocrx_word' id='word_1_361' title='bbox 894 3750 1035 3790; x_wconf 85' lang='lat' dir='ltr'><strong><em>coronam</em></strong></span> <span class='ocrx_word' id='word_1_362' title='bbox 1055 3729 1228 3809; x_wconf 83' lang='lat' dir='ltr'><strong><em>turbamque</em></strong></span> <span class='ocrx_word' id='word_1_363' title='bbox 1251 3726 1346 3806; x_wconf 81' lang='lat' dir='ltr'><strong><em>essun-</em></strong></span> 
     </span>
    </p>
   </div>
   <div class='ocr_carea' id='block_1_9' title="bbox 165 3809 1347 3977">
    <p class='ocr_par' dir='ltr' id='par_1_9' title="bbox 165 3809 1347 3977">
     <span class='ocr_line' id='line_1_42' title="bbox 169 3809 1347 3890; baseline 0.001 -22"><span class='ocrx_word' id='word_1_364' title='bbox 169 3846 177 3855; x_wconf 78' lang='lat'><em>-</em></span> <span class='ocrx_word' id='word_1_365' title='bbox 275 3809 365 3868; x_wconf 85' lang='lat' dir='ltr'><strong><em>ditur.</em></strong></span> <span class='ocrx_word' id='word_1_366' title='bbox 394 3832 440 3890; x_wconf 88' lang='lat' dir='ltr'><strong><em>pr.</em></strong></span> <span class='ocrx_word' id='word_1_367' title='bbox 462 3811 565 3870; x_wconf 86' lang='lat' dir='ltr'><strong><em>Milon.</em></strong></span> <span class='ocrx_word' id='word_1_368' title='bbox 586 3818 612 3872; x_wconf 92' lang='lat'><strong><em>1.</em></strong></span> <span class='ocrx_word' id='word_1_369' title='bbox 638 3813 707 3876; x_wconf 88' lang='lat' dir='ltr'><strong><em>Non</em></strong></span> <span class='ocrx_word' id='word_1_370' title='bbox 727 3820 803 3874; x_wconf 86' lang='lat' dir='ltr'><strong><em>euim</em></strong></span> <span class='ocrx_word' id='word_1_371' title='bbox 819 3833 930 3873; x_wconf 86' lang='lat' dir='ltr'><strong><em>corona</em></strong></span> <span class='ocrx_word' id='word_1_372' title='bbox 950 3830 1100 3871; x_wconf 83' lang='lat' dir='ltr'><strong><em>consessas</em></strong></span> <span class='ocrx_word' id='word_1_373' title='bbox 1120 3820 1213 3869; x_wconf 82' lang='lat' dir='ltr'><strong><em>nester</em></strong></span> <span class='ocrx_word' id='word_1_374' title='bbox 1233 3813 1347 3889; x_wconf 80' lang='lat' dir='ltr'><strong><em>cinctus</em></strong></span> 
     </span>
     <span class='ocr_line' id='line_1_43' title="bbox 165 3889 1346 3977; baseline 0 -28"><span class='ocrx_word' id='word_1_375' title='bbox 165 3958 169 3965; x_wconf 41' lang='grc'><em>,</em></span> <span class='ocrx_word' id='word_1_376' title='bbox 276 3900 335 3964; x_wconf 86' lang='lat' dir='ltr'><strong><em>est,</em></strong></span> <span class='ocrx_word' id='word_1_377' title='bbox 372 3901 405 3949; x_wconf 86' lang='lat' dir='ltr'><strong><em>ut</em></strong></span> <span class='ocrx_word' id='word_1_378' title='bbox 430 3892 560 3966; x_wconf 85' lang='lat' dir='ltr'><strong><em>solebat,</em></strong></span> <span class='ocrx_word' id='word_1_379' title='bbox 596 3915 652 3952; x_wconf 86' lang='lat' dir='ltr'><strong><em>non</em></strong></span> <span class='ocrx_word' id='word_1_380' title='bbox 679 3899 791 3956; x_wconf 86' lang='lat' dir='ltr'><strong><em>usitato</em></strong></span> <span class='ocrx_word' id='word_1_381' title='bbox 812 3894 986 3977; x_wconf 74' lang='lat' dir='ltr'><strong><em>frequentia</em></strong></span> <span class='ocrx_word' id='word_1_382' title='bbox 1011 3896 1117 3971; x_wconf 79' lang='lat' dir='ltr'><strong><em>stipati</em></strong></span> <span class='ocrx_word' id='word_1_383' title='bbox 1138 3912 1239 3950; x_wconf 81' lang='lat' dir='ltr'><strong><em>suurus</em></strong></span> <span class='ocrx_word' id='word_1_384' title='bbox 1274 3889 1346 3970; x_wconf 86' lang='lat' dir='ltr'><strong><em>ibiq.</em></strong></span> 
     </span>
    </p>
   </div>
   <div class='ocr_carea' id='block_1_10' title="bbox 274 3972 1349 4313">
    <p class='ocr_par' dir='ltr' id='par_1_10' title="bbox 274 3972 1349 4313">
     <span class='ocr_line' id='line_1_44' title="bbox 275 3972 1349 4058; baseline 0 -27"><span class='ocrx_word' id='word_1_385' title='bbox 275 3973 443 4032; x_wconf 83' lang='lat' dir='ltr'><strong><em>Steinmetz.</em></strong></span> <span class='ocrx_word' id='word_1_386' title='bbox 464 3973 568 4047; x_wconf 84' lang='lat' dir='ltr'><strong><em>Quint.</em></strong></span> <span class='ocrx_word' id='word_1_387' title='bbox 590 3976 655 4050; x_wconf 84' lang='grc' dir='ltr'>ΧΙΙ,</span> <span class='ocrx_word' id='word_1_388' title='bbox 674 3982 721 4050; x_wconf 83' lang='grc'><strong><em>10,</em></strong></span> <span class='ocrx_word' id='word_1_389' title='bbox 745 3978 792 4037; x_wconf 87' lang='grc'><strong><em>74.</em></strong></span> <span class='ocrx_word' id='word_1_390' title='bbox 811 4011 848 4021; x_wconf 91' lang='lat'><em>-</em></span> <span class='ocrx_word' id='word_1_391' title='bbox 872 3981 929 4058; x_wconf 87' lang='lat' dir='ltr'><strong><em>qno</em></strong></span> <span class='ocrx_word' id='word_1_392' title='bbox 952 3979 1047 4035; x_wconf 83' lang='lat' dir='ltr'><strong><em>minus</em></strong></span> <span class='ocrx_word' id='word_1_393' title='bbox 1066 3978 1171 4032; x_wconf 85' lang='lat' dir='ltr'><strong><em>mirum</em></strong></span> <span class='ocrx_word' id='word_1_394' title='bbox 1191 3983 1252 4046; x_wconf 81' lang='lat' dir='ltr'><strong><em>est,</em></strong></span> <span class='ocrx_word' id='word_1_395' title='bbox 1267 3972 1349 4051; x_wconf 82' lang='lat' dir='ltr'><strong><em>quod</em></strong></span> 
     </span>
     <span class='ocr_line' id='line_1_45' title="bbox 274 4053 1345 4136; baseline -0.001 -24"><span class='ocrx_word' id='word_1_396' title='bbox 274 4056 348 4112; x_wconf 88' lang='lat' dir='ltr'><strong><em>nulli</em></strong></span> <span class='ocrx_word' id='word_1_397' title='bbox 362 4076 419 4112; x_wconf 89' lang='lat' dir='ltr'><strong><em>uon</em></strong></span> <span class='ocrx_word' id='word_1_398' title='bbox 440 4059 588 4134; x_wconf 73' lang='lat' dir='ltr'><strong><em>agentium</em></strong></span> <span class='ocrx_word' id='word_1_399' title='bbox 606 4068 720 4135; x_wconf 84' lang='lat' dir='ltr'><strong><em>parata</em></strong></span> <span class='ocrx_word' id='word_1_400' title='bbox 743 4062 821 4134; x_wconf 89' lang='lat' dir='ltr'><strong><em>oulgi</em></strong></span> <span class='ocrx_word' id='word_1_401' title='bbox 840 4079 950 4118; x_wconf 88' lang='lat' dir='ltr'><strong><em>corona</em></strong></span> <span class='ocrx_word' id='word_1_402' title='bbox 972 4068 1024 4116; x_wconf 87' lang='lat' dir='ltr'><strong><em>est.</em></strong></span> <span class='ocrx_word' id='word_1_403' title='bbox 1051 4056 1125 4115; x_wconf 81' lang='lat' dir='ltr'><strong><em>Ptin.</em></strong></span> <span class='ocrx_word' id='word_1_404' title='bbox 1139 4056 1212 4136; x_wconf 88' lang='lat' dir='ltr'><strong><em>Epp.</em></strong></span> <span class='ocrx_word' id='word_1_405' title='bbox 1228 4053 1281 4127; x_wconf 78' lang='grc' dir='ltr'>ΙΙΙ,</span> <span class='ocrx_word' id='word_1_406' title='bbox 1296 4059 1345 4113; x_wconf 83' lang='grc'><strong><em>33.</em></strong></span> 
     </span>
     <span class='ocr_line' id='line_1_46' title="bbox 274 4135 1346 4215; baseline 0.002 -23"><span class='ocrx_word' id='word_1_407' title='bbox 274 4170 314 4183; x_wconf 92' lang='lat'><em>-</em></span> <span class='ocrx_word' id='word_1_408' title='bbox 333 4146 492 4215; x_wconf 86' lang='lat' dir='ltr'><strong><em>practerea</em></strong></span> <span class='ocrx_word' id='word_1_409' title='bbox 512 4135 604 4195; x_wconf 89' lang='lat' dir='ltr'><strong><em>densa</em></strong></span> <span class='ocrx_word' id='word_1_410' title='bbox 622 4142 1002 4203; x_wconf 75' lang='lat' dir='ltr'><strong><em>circumstantiumcorona</em></strong></span> <span class='ocrx_word' id='word_1_411' title='bbox 1016 4140 1190 4198; x_wconf 83' lang='lat' dir='ltr'><strong><em>latissimum</em></strong></span> <span class='ocrx_word' id='word_1_412' title='bbox 1204 4136 1346 4196; x_wconf 80' lang='lat' dir='ltr'><strong><em>iudicium</em></strong></span> 
     </span>
     <span class='ocr_line' id='line_1_47' title="bbox 274 4218 1227 4313; baseline 0.005 -38"><span class='ocrx_word' id='word_1_413' title='bbox 274 4218 429 4297; x_wconf 75' lang='lat' dir='ltr'><strong><em>multiplici</em></strong></span> <span class='ocrx_word' id='word_1_414' title='bbox 443 4219 560 4313; x_wconf 58' lang='lat' dir='ltr'><strong><em>oisonld</em></strong></span> <span class='ocrx_word' id='word_1_415' title='bbox 578 4220 717 4279; x_wconf 83' lang='lat' dir='ltr'><strong><em>ambibat.</em></strong></span> <span class='ocrx_word' id='word_1_416' title='bbox 739 4225 804 4301; x_wconf 68' lang='lat' dir='ltr'><strong><em>vlt,</em></strong></span> <span class='ocrx_word' id='word_1_417' title='bbox 824 4229 873 4283; x_wconf 87' lang='grc'><strong><em>33.</em></strong></span> <span class='ocrx_word' id='word_1_418' title='bbox 894 4242 1005 4282; x_wconf 80' lang='lat' dir='ltr'><strong><em>corono</em></strong></span> <span class='ocrx_word' id='word_1_419' title='bbox 1024 4219 1193 4300; x_wconf 59' lang='lat' dir='ltr'><strong><em>diffusiore·</em></strong></span> <span class='ocrx_word' id='word_1_420' title='bbox 1223 4250 1227 4255; x_wconf 88' lang='lat'><strong>·</strong></span> 
     </span>
    </p>
   </div>
   <div class='ocr_carea' id='block_1_11' title="bbox 0 0 1495 4810">
    <p class='ocr_par' dir='ltr' id='par_1_11' title="bbox 0 0 1495 4810">
     <span class='ocr_line' id='line_1_48' title="bbox 0 0 1495 4810; baseline 0 0"><span class='ocrx_word' id='word_1_421' title='bbox 0 0 1495 4810; x_wconf 95' lang='lat' dir='ltr'><strong><em> </em></strong></span> 
     </span>
    </p>
   </div>
  </div>
 </body>
</html>
