2928 4810
242 347 244 355 .
277 246 353 362 *tie
612 294 770 376 Dialogus
792 279 830 354 'cie
853 292 1035 355 Oratoribus

276 428 395 524 ¹tarum
427 437 603 527 electiones
633 436 693 521 'aut
715 410 927 546 'peitileutiae
943 434 1104 521 'remedia
1121 452 1196 520 ''nnt
1229 446 1371 523 incesta

285 564 427 626 matrum
453 564 509 637 ant
534 544 694 649 quicquid
718 547 752 618 in
782 546 893 640 schola
917 547 1037 651 cotidie
1062 548 1190 643 egitur,
1216 546 1254 619 in
1275 547 1370 619 'iura

286 644 349 725 vel
368 674 445 723 raro
470 647 520 722 vel
545 672 715 755 nunqnam
740 647 931 743 ingentibus
957 648 1067 721 verbis
1092 654 1389 751 pmsequanturs

287 804 404 894 1116,
425 823 453 879 B.
521 816 553 875 ui
571 815 642 876 duos
658 836 714 876 uno
734 826 862 898 tempore
882 824 894 876 t
912 834 1020 885 rennos
1039 817 1161 891 occidit,
1190 816 1248 876 duo
1265 836 1371 898 prae-

289 890 358 961 nta‘
371 903 458 981 pern.
528 896 599 957 nint.
621 898 747 958 Decium.
770 904 838 957 282.
890 836 1085 981 i'yrannicida
1113 909 1189 958 ueste
1215 899 1371 958 muliebri.

289 978 370 1043 288³
403 981 600 1063 Tyrannicida
609 978 745 1059 filiorum
763 977 899 1040 duorum:
915 970 1145 1062 ssff‘d’auper
1164 980 1207 1039 ad
1224 984 1370 1064 tyranni-

287 1063 392 1125 cidium
415 1063 543 1123 mercede
566 1063 729 1122 conductus.
758 1068 826 1122 382.
868 1060 1063 1146 Tyrannicida
1091 1064 1256 1124 conductus.
1291 1060 1369 1123 Cal-

287 1163 376 1227 0000,
404 1140 529 1205 uictam.
554 1149 599 1204 13.
637 1145 771 1205 Medicas
800 1145 990 1227 tyrannicida.
1026 1146 1127 1205 Senes.
1149 1144 1317 1205 Controsv.
1340 1146 1368 1220 1,

291 1232 318 1287 t.
348 1226 555 1310 'Tyrannicida
581 1242 602 1284 a
627 1229 734 1308 piratis
753 1226 896 1286 dimissus.
922 1226 1061 1308 Excerpt:
1079 1226 1242 1288 Controvv.
1261 1230 1319 1304 w,
1334 1232 1367 1288 7.

290 1308 483 1393 Tyrannicida
504 1319 533 1368 et
552 1307 669 1367 adulter
687 1302 811 1393 tyranni.
1199 1322 1202 1331 '

258 1433 262 1442 ·
373 1406 541 1467 uitiatarum
563 1402 732 1487 electiones]
755 1407 775 1464 1.
796 1426 820 1465 e
839 1402 998 1473 Heiratlten
1018 1404 1070 1465 der
1088 1404 1266 1466 Eutsiihrten
1288 1422 1366 1466 vom

288 1486 458 1553 Entiuhrer.
499 1490 637 1571 speciant
656 1484 690 1547 ad
719 1489 811 1570 legem
840 1488 1057 1563 scholasticam,
1084 1490 1156 1569 qisae
1176 1488 1284 1548 dicitur
1313 1508 1364 1547 ra-

251 1631 261 1635 ,
287 1584 418 1653 ptarum:
446 1583 528 1652 rapta
555 1560 678 1652 raptoris
698 1581 747 1628 aut
766 1582 888 1630 mortem
910 1572 996 1667 optet
1015 1581 1064 1628 aut
1091 1571 1221 1652 nuptias;
1244 1571 1279 1629 de
1303 1590 1364 1648 qua

295 1652 331 1713 cf.
346 1648 349 1659 ’
363 1653 465 1729 Quint.
488 1656 539 1728 IV,
558 1659 588 1727 2,
611 1653 752 1726 ueniti,
773 1658 804 1726 8,
824 1653 852 1713 4.
881 1653 984 1728 Quint.
1006 1652 1132 1712 Declam.
1153 1654 1221 1712 276.
1270 1651 1364 1711 Bona

288 1738 435 1817 raptoris,
464 1736 515 1816 qui
539 1755 570 1793 se
595 1735 756 1816 suspendit.
786 1739 854 1793 309.
894 1736 1010 1816 Raptor
1036 1735 1184 1794 conoie'tns.
1218 1730 1363 1815 Caipnru.

287 1816 414 1878 Declam.
435 1818 484 1878 42.
508 1818 557 1877 44.
578 1817 626 1874 49.
669 1816 782 1896 Raptor
809 1815 933 1875 duarum
953 1815 1053 1894 fllium
1080 1821 1224 1876 nutriens.
1252 1817 1361 1885 Senes.

286 1897 458 1960 ‘Controvn
474 1900 542 1972 1,,5.
582 1897 698 1977 Raptor
718 1899 851 1956 duarum.
867 1899 914 1972 111,
942 1904 990 1958 23.
1032 1899 1179 1958 Mutanda
1200 1901 1277 1980 optio
1306 1908 1361 1958 r'a-

286 1991 371 2064 ptore
393 1983 529 2040 conuictu.
556 1978 691 2060 Excerpt.
713 1976 875 2051 Contruvv.
895 1965 947 2055 li,
974 1986 1002 2039 3.
1040 1980 1144 2041 Patre
1172 1982 1272 2040 exsule
1280 1977 1385 2067 filia

288 2072 385 2146 raptu.
679 2090 681 2103 ·
766 2118 768 2123 ,
889 2078 892 2081 ’
1133 2127 1147 2139 ‚

237 2163 240 2169 ’
374 2160 558 2243 pestilentiae
578 2158 742 2243 remediaJ‘
756 2159 932 2244 »Fingebam
952 2156 1002 2225 isti
1021 2159 1155 2229 rhetores
1172 2158 1361 2241 pestilentiae

292 2251 424 2338 tempore
445 2241 517 2303 adiri
539 2241 671 2317 oracula,
698 2254 778 2313 uates
800 2241 930 2315 consuli,
957 2240 1128 2323 responderi
1154 2241 1359 2302 immolandam

287 2322 431 2405 virginem
451 2322 539 2383 aliave
566 2323 685 2401 sinilia,
713 2346 785 2407 quae
801 2326 908 2391 ¹mirum
928 2322 959 2382 in
984 2323 1103 2383 modum
1122 2324 1359 2409 exaggerabant«

287 2406 375 2464 Brut.
394 2406 449 2464 Vd.
472 2405 617 2487 Spalding.
637 2406 672 2466 ad
693 2404 796 2481 Quint.
813 2409 847 2480 11,
875 2413 922 2481 10,
944 2411 971 2465 4.
994 2407 1104 2473 Antan.
1128 2404 1223 2466 Liber.
1245 2429 1289 2488 cp.
1308 2411 1355 2468 25.

255 2495 259 2511 '
293 2486 396 2560 Quint.
422 2486 548 2546 Declam.
578 2492 645 2546 326.
690 2480 906 2568 Legati'filius.
928 2492 1044 2547 uictima
1068 2491 1259 2570 pestilentiae.
1286 2494 1356 2551 384.

293 2569 379 2644 Virgo
395 2570 548 2628 immolata
564 2570 753 2651 pestilentiae.
776 2569 912 2651 Calpurn.
932 2569 1013 2630 Decl.
1035 2574 1086 2634 19:
1101 2573 1149 2630 43.

264 2704 266 2709 ‹
369 2670 478 2743 incesta
505 2664 648 2750 matrum]
685 2663 789 2742 Quint.
815 2667 941 2728 Decium.
966 2675 1034 2731 330.
1073 2668 1276 2747 Aldieandus,
1305 2671 1357 2751 qui

290 2749 347 2808 alit
366 2749 531 2827 adulteram
552 2759 684 2808 matrem.
706 2748 809 2824 Quint.
829 2752 893 2826 Vll,
914 2758 943 2826 8,
964 2755 992 2810 3.
1034 2751 1142 2810 Incesti
1161 2752 1306 2812 (10000010
1326 2760 1354 2811 et

272 2822 326 2891 'de
345 2851 420 2891 saxo
438 2835 636 2912 praecipitata
660 2835 739 2895 uiuit.
995 2886 997 2890 ,
1092 2900 1096 2911 .
1124 2890 1131 2899 ,

269 2919 272 2927 “
359 2917 401 2971 ‘in
418 2912 521 2972 scltola
543 2940 579 2958 —-
601 2916 630 2971 in
642 2910 743 3053 soropJ
766 2912 874 2972 Saltola
894 2933 959 2971 cum
981 2910 1233 2991 declamationibus
1252 2911 1355 2993 et'so-

290 3015 355 3055 nem
384 3016 449 3054 cum
476 2994 552 3053 veris
573 2993 669 3069 „causis
699 3016 723 3053 st
744 2994 755 3053 i
775 3007 972 3075 opponuntur.
1006 2994 1066 3056 Cic.
1087 2998 1122 3057 de
1143 2997 1225 3067 Orat.
1245 2996 1282 3072 11,
1301 2998 1353 3077 24,

183 3143 190 3148 „
291 3080 358 3136 100.
398 3076 483 3135 Haeo
495 3087 539 3136 est
557 3079 631 3136 enim
653 3078 683 3135 in
703 3077 770 3139 ludo
789 3096 959 3136 comarum*
961 3074 1029 3156 fere
1041 3075 1182 3157 formula.
1222 3077 1265 3139 At
1287 3099 1352 3139 uero

290 3158 321 3217 in
332 3155 403 3235 soro
419 3157 536 3217 tabulae
552 3169 605 3218 etc.
646 3159 826 3259 Frequenter
840 3180 874 3240 ap
892 3158 1044 3235 Quintil,
1062 3166 1109 3236 10,
1128 3166 1154 3221 9.
1190 3158 1274 3222 ΝιἹιίΙ
1285 3170 1353 3236 eigo

288 3242 366 3299 inter
371 3236 489 3318 forense
502 3236 592 3315 ¹picenus
606 3239 721 3303 dicendo
736 3254 822 3322 atque
833 3242 889 3300 ltoo
897 3242 1138 3302 declamatorium
1151 3245 1282 3302 intererit
1290 3244 1306 3303 ,Ρ
1314 3276 1351 3291 -·

288 3326 363 3404 puae
383 3343 451 3397 nos,
477 3322 633 3404 quamlibet
650 3343 703 3403 per
729 3324 791 3382 alia
815 3324 845 3381 in
866 3325 970 3383 scholis
989 3326 1145 3384 exercitati
1169 3345 1282 3397 sumus,
1313 3327 1352 3383 ti·

290 3413 374 3483 'rones
401 3407 430 3462 in
441 3401 511 3481 som
538 3408 694 3467 inueniunt.
718 3406 769 3479 lV,
793 3407 819 3477 1,
841 3406 889 3464 46.
910 3408 947 3482 V,
972 3409 1019 3479 13,
1040 3411 1088 3466 36.
1128 3405 1207 3469 Nam
1232 3399 1352 3489 puidam

287 3488 379 3544 etiam
394 3488 423 3543 in
430 3483 499 3563 fitro
517 3497 655 3568 tanquam
670 3507 732 3544 rem
749 3487 899 3545 molestam
911 3494 942 3546 et
958 3487 1088 3548 odiosam
1100 3498 1352 3570 praetereunt-s

177 3640 181 3647 ,
287 3578 319 3627 et
345 3569 454 3627 scilicet
481 3569 569 3628 multo
597 3571 692 3643 magis
716 3571 747 3626 in
771 3569 875 3629 scholis
902 3580 955 3629 etc.
984 3574 1032 3629 45.
1073 3571 1185 3631 Rursus
1211 3570 1295 3629 aliud
1318 3574 1351 3629 in

183 4125 186 4131 Ι
289 4055 387 4115 batum
407 4059 505 4117 Boett·
522 4059 554 4119 in
573 4054 685 4119 enuisti.
704 4070 744 4118 ut»
758 4056 929 4138 exquisitius
954 4058 1150 4137 recpiendum
1169 4059 1254 4134 duxi,

285 3649 397 3731 scholis
414 3650 637 3731 permittendum
663 3658 794 3731 semper,
822 3652 851 3709 in
869 3648 940 3728 soro
963 3671 1043 3710 raro.
1072 3653 1135 3727 vll,
1155 3659 1185 3728 2,
1207 3657 1254 3713 54.
1296 3653 1350 3711 Ve-

232 3782 238 3800 ,
291 3752 357 3791 rum
379 3733 432 3793 illa
451 3732 624 3792 solzolarum'
639 3731 812 3791 consuetudo
833 3734 918 3792 ituris
936 3736 965 3791 in
978 3732 1080 3811 ‚sotrum
1098 3740 1193 3816 potest
1213 3732 1318 3794 nocere.

256 3874 257 3881 .
368 3814 528 3886 ingentibus
555 3815 646 3877 ueritis
671 3804 899 3896 prosequantur]
955 3826 1142 3896 erseryounlur
1170 3813 1261 3876 codd.
1286 3816 1348 3875 Par:

256 3936 274 3961 h
288 3893 375 3963 Vinci.
398 3894 450 3952 Ed.
471 3895 546 3976 Spir.
564 3906 774 3977 persequantur
793 3916 827 3953 ex
842 3839 954 3956 ementi
973 3897 1037 3956 Put.
1060 3916 1154 3975 seqq.;
1173 3918 1347 3979 prosequun-

287 3984 338 4033 tur
358 3973 431 4036 coo.
453 3977 553 4052 Fara,
575 3977 653 4057 quod
673 3978 852 4037 emendatum
870 3977 900 4036 in
918 3990 1147 4116 prusepuantur,
1167 4000 1221 4039 nec
1240 3978 1347 4119 impro-

1292 4070 1347 4121 teet

289 4137 434 4198 Edcstein.
463 4137 493 4197 in
519 4140 570 4200 tali
589 4140 732 4200 sententia
757 4161 817 4199 nou
845 4152 942 4220 aptum
969 4139 1109 4200 videatur.
1150 4141 1199 4201 Sic
1216 4145 1349 4225 prosequi

221 4271 227 4285 .
287 4217 343 4300 (sc.
364 4218 477 4301 verbis)
490 4219 549 4283 cic.
569 4243 614 4303 pr.
634 4225 721 4283 Rosa.
735 4224 832 4282 Amet.
852 4228 902 4297 30,
924 4227 988 4294 63,
1019 4223 1111 4284 uerbis
1130 4225 1342 4284 uehementiori-
