2928 4810
442 332 446 337 .
521 277 600 363 Cap.
623 280 767 351 XXXV.
953 300 976 317 ·“
1104 288 1177 355 *231

111 451 145 531 et
170 461 269 536 quam
294 432 534 511 incredibiliter
557 407 777 550 compositae!
816 432 975 537 Sequitur
991 451 1117 528 autent,
1141 454 1179 517 ut
1240 464 1249 483 ·
1343 440 1353 447 ’

109 536 268 613 materiae
302 534 493 607 abhorrenti
525 562 543 607 a
569 551 702 607 ventate
734 535 927 609 declamatio
959 564 1093 636 quoquo
1118 537 1179 613 ad·
1280 564 1285 577 ·

110 636 273 725 hibentur.
314 633 370 708 sic
396 632 455 723 lit,
470 650 505 707 ut
529 629 811 737 tyrdunicid'arnm
835 634 1060 736 praemittant
1084 636 1179 715 vitia·
1203 686 1207 699 ,

189 825 245 885 per
254 801 362 883 fidem]
396 804 457 864 Pro
477 823 564 863 corrn
586 815 608 863 t.
627 802 692 864 lect.
711 801 839 883 perfidia
859 802 932 866 Cod.
952 807 1016 867 Par.
1033 804 1178 888 perfidiae

111 885 199 946 Vind.
221 884 371 968 (perfidie)
391 898 422 946 et
442 896 512 945 vett.
532 825 604 945 Edd.
629 907 684 965 per
700 884 797 966 fidem
821 908 838 946 e
858 884 932 948 Cod.
957 889 1042 948 Farn.
1068 884 1178 971 recepit

110 967 191 1049 lips·
212 980 242 1028 et
261 989 343 1049 seqq.
391 966 529 1049 Exempla
550 966 687 1048 simplicis
707 967 847 1031 formulae
865 990 920 1050 per
929 967 1026 1048 fidem
1045 992 1104 1031 uon
1125 972 1178 1032 ad-

111 1050 177 1117 dito
196 1049 346 1133 genitivo,
375 1049 410 1110 de
431 1072 485 1130 qna
506 1048 675 1110 dubitarunt
693 1050 805 1111 Dronlt.
827 1061 857 1111 et
884 1052 1012 1126 Osann,
1045 1065 1177 1115 exstant:
1212 1079 1218 1141 p

113 1132 197 1214 ,blitg-
217 1137 290 1195 Aen.
312 1135 347 1207 ll,
372 1135 437 1193 141.
476 1132 554 1204 Per,
575 1136 603 1193 si
639 1152 679 1192 ua
699 1144 759 1210 est,
779 1154 853 1218 quae
872 1144 960 1194 restet
980 1134 1178 1217 adbuempr-
1215 1146 1222 1201 ὶ

112 1217 221 1291 talibus
247 1236 368 1297 usquam
395 1214 577 1274 intemerata
601 1156 699 1295 sides,
729 1236 791 1274 oro.
831 1217 949 1281 Peteon.
977 1217 1036 1275 Sat.
1059 1221 1127 1293 100,
1148 1224 1177 1283 b.
1218 1204 1224 1249 Ι

112 1297 188 1356 allat.
209 1296 243 1357 ab
265 1295 356 1358 Orell.
397 1301 458 1354 Par
466 1294 581 1379 fidem,
609 1300 743 1392 iuquam,
768 1308 871 1378 pater,
899 1301 981 1358 cuius
1001 1299 1075 1357 haee
1095 1302 1178 1363 name

114 1381 182 1443 est?
222 1378 272 1439 lllc
295 1400 350 1460 per
366 1375 463 1457 fidem
485 1377 513 1438 h.
535 1377 554 1436 l.
575 1377 697 1458 expleret
717 1377 895 1439 exiormula
914 1402 969 1461 per
988 1393 1088 1455 tuam,
1144 1404 1178 1442 er

114 1473 240 1521 vestram
256 1458 352 1540 fidem
387 1459 496 1519 omisso
523 1459 705 1540 pronomine.
751 1459 810 1520 Sed
845 1472 890 1520 est
916 1461 1001 1537 haec,
1045 1475 1078 1522 ut
1106 1404 1177 1524 aliae

111 1545 269 1626 prodeam
287 1541 400 1623 fidem,
427 1563 481 1624 per
502 1534 572 1600 deni
598 1552 651 1600 etr.
679 1540 725 1599 vd.
744 1541 791 1600 Ru
815 1584 822 1599 .
842 1542 878 1601 ad
899 1542 926 1600 h.
948 1541 983 1618 l.,
1013 1535 1178 1605 obtestandi

113 1625 213 1709 potius
234 1636 263 1686 et
283 1623 383 1703 orandi
405 1645 488 1703 quam
511 1621 678 1705 indignandi
701 1563 832 1683 formula.
871 1625 919 1683 Fr.
941 1624 1024 1684 Hess'.
1045 1622 1075 1684 in
1097 1646 1177 1686 corn-

113 1717 215 1767 meutt.
235 1730 302 1766 mss.
325 1716 442 1767 secutus
462 1703 574 1765 emend.
608 1702 741 1765 Groslot.
766 1725 853 1788 super
865 1703 961 1787 fidem
990 1706 1086 1766 locum
1107 1707 1176 1769 satis

113 1788 306 1870 probabiliter
327 1789 368 1849 sic
390 1787 598 1859 emendandum
621 1797 736 1846 censet:
764 1788 880 1869 quales,
902 1809 988 1870 quam
1008 1788 1095 1868 super
1115 1788 1178 1870 (vel

113 1869 320 1952 supru)fl'dem
342 1881 370 1931 et
388 1878 475 1952 quam
495 1868 703 1929 incredibiliter
722 1873 910 1951 compositae,
922 1870 996 1930 coll.
1017 1869 1120 1945 Quint.
1142 1873 1178 1949 ll,
1210 1920 1213 1927 .

117 1958 166 2027 10,
189 1958 217 2013 5.
257 1951 411 2035 Nunquam
431 1952 504 2017 baec
523 1972 613 2031 supra
622 1948 718 2029 fidem
739 1960 767 2009 et
785 1949 900 2026 poetica
922 1986 958 1997 -
979 1953 1112 2013 themata
1131 1956 1177 2014 iu·
1288 1998 1290 2005 .

114 2036 230 2094 veribus
246 2045 377 2093 tractare
391 2034 601 2114 permittemus,
626 2043 658 2092 ut
672 2028 941 2113 exspatientur-‚⁹
968 2034 1046 2093 ilaec
1065 2037 1177 2096 emend.

113 2116 190 2176 bene
209 2117 366 2197 respondet
385 2113 621 2194 frequentissimo
641 2113 709 2173 usui
733 2134 966 2199 synonymorum
992 2116 1023 2175 in
1044 2115 1179 2192 h.“Dial.,
1225 2129 1228 2133 ’

115 2197 222 2279 quibus
243 2198 271 2257 b.
292 2197 311 2257 Ι.
333 2197 461 2281 graviter
481 2194 720 2276 reprehenditur,
747 2197 826 2275 qnod
849 2197 982 2257 materiae
1003 2196 1179 2260 abhorreant

114 2302 131 2340 a
162 2279 292 2339 veritate.
337 2278 501 2360 Simplicius
530 2289 624 2337 autem
654 2276 723 2336 mihi
751 2277 869 2338 videtur
895 2300 941 2340 vv.
968 2291 1178 2360 transponere:
1255 2284 1259 2289 “

61 2360 63 2369 Ι
114 2364 216 2457 quales
233 2380 320 2444 quam
340 2382 428 2444 supra
437 2359 532 2441 sidem
555 2370 584 2420 et
603 2359 816 2420 incredibiliter.

116 2541 119 2549 ,
197 2467 335 2548 Sequitur
354 2452 390 2511 -’
412 2462 604 2546 adhibeatur]
637 2464 674 2525 il.
697 2485 721 2523 e
741 2461 992 2539 accommodetur,
1020 2477 1055 2525 ut
1074 2488 1186 2533 seususv

117 2548 174 2609 sit:
208 2546 360 2627 sequitur,
388 2558 423 2605 nt
443 2546 610 2627 declamatio
638 2546 739 2607 eodem
767 2546 855 2605 modo
882 2567 899 2606 a
927 2549 1048 2627 veritate
1072 2561 1102 2609 et
1121 2572 1178 2610 usn

112 2630 229 2692 sorensi
247 2629 411 2700 abhorreat,
431 2651 514 2708 quarn
539 2628 681 2687 materia«
717 2625 851 2689 Bonnell.
871 2627 907 2686 de
930 2641 1000 2688 mut.
1021 2629 1075 2690 snb
1095 2631 1179 2712 prim.
1260 2654 1263 2663 ¹

116 2711 232 2774 Caesar.
252 2724 305 2772 etc.
333 2734 361 2791 p.
385 2714 431 2775 17.
466 2709 562 2770 Aliter
581 2708 749 2770 Schneider.
776 2709 919 2769 Observa.
939 2732 967 2790 p.
990 2715 1051 2770 13.;
1073 2726 1179 2774 ..marm

115 2792 171 2870 ria,
192 2804 264 2874 quae
284 2793 350 2853 ficta
369 2813 464 2871 neque
484 2813 519 2851 ex
537 2791 624 2865 rebus
646 2812 714 2851 vere
738 2790 809 2850 actis
830 2791 931 2852 hausta
952 2791 1068 2852 nonnisi
1095 2816 1179 2854 exer·
1237 2817 1243 2869 ς

116 2876 262 2938 citationis
282 2874 348 2936 loco
372 2895 436 2934 esse
456 2884 554 2954 potest
573 2884 602 2933 et
617 2873 855 2935 >contumaciorem
875 2872 1022 2953 nequitie«
1062 2876 1180 2956 Aliquid
1198 2886 1201 2899 ‘
1217 2892 1237 2959 's

117 2957 260 3023 excidisse
288 2954 449 3037 suspicatus
478 2954 618 3015 Pithoeus
661 2966 722 3016 ost.
739 2975 852 3037 quoque
877 2954 1053 3036 interposuit
1077 2961 1181 3021 similis
1229 2960 1238 3037 ξ

117 3052 148 3101 et
168 3027 273 3101 licum.
292 3060 349 3121 par
369 3058 384 3097 e
405 3036 526 3097 coniect.
553 2977 679 3112 Acidal,
709 3036 760 3116 qui
785 3035 832 3096 vel
856 3039 958 3099 similis
985 3036 1031 3097 vel
1046 3061 1107 3119 par
1132 3039 1181 3100 vel
1229 3052 1231 3061 “

119 3124 189 3183 talis
207 3121 279 3195 ,addi
306 3118 438 3194 volebat,
472 3117 562 3178 Orell.
591 3130 684 3177 autem
705 3128 797 3176 'vana
838 3116 954 3191 Quibus
982 3120 1181 3184 additamentis

119 3224 181 3262 non
207 3222 299 3282 opos,
313 3192 417 3282 'quum
444 3195 620 3259 declamatio
642 3221 708 3259 cum
736 3188 764 3263 ul
786 3197 893 3258 dictum
915 3209 944 3258 et
964 3198 1037 3259 bene
1057 3203 1182 3284 explica·

21 3300 24 3311 '
119 3297 181 3344 tnm
202 3305 270 3345 esse
286 3297 339 3365 per
359 3303 405 3340 vv.
427 3302 489 3360 sqq.
509 3281 669 3355 ingentibus
689 3280 780 3340 verbis
796 3292 1009 3362 persequantur
1028 3296 1106 3343 recte
1126 3285 1182 3345 ob-

21 3390 25 3399 *
122 3360 248 3426 servavit
266 3362 412 3425 Ecltstein.
440 3361 505 3421 coll.
526 3362 663 3422 Garaton.
687 3363 722 3422 ad
742 3359 802 3423 Cic.
832 3382 875 3421 or.
896 3386 925 3443 p.
944 3362 1037 3422 Plane.
1063 3389 1091 3446 p.
1113 3371 1188 3427 205.

121 3448 166 3523 ed.
181 3445 297 3505 Wund.
315 3456 345 3505 et
360 3443 486 3504 Schmid.
501 3444 535 3503 ad
555 3445 628 3504 Hor.
643 3446 714 3525 Epp'.
731 3445 752 3518 l,
773 3450 802 3517 2,
819 3449 846 3503 2.
868 3443 971 3520 Quint.
992 3459 1091 3506 contra
1112 3448 1183 3512 haec

120 3524 266 3611 praecepit
286 3528 387 3601 tt,1o,
412 3532 440 3586 3.
482 3526 547 3585 Sint
567 3547 635 3600 ergo
656 3536 684 3585 et
700 3529 780 3607 ipsae
797 3530 959 3602 materiae,
979 3548 1053 3609 puae
1062 3528 1183 3609 fingen-
1274 3601 1277 3604 ⁴

121 3623 186 3683 tur,
207 3630 293 3692 quam
312 3606 478 3667 simillimae
498 3610 631 3667 veritati:
652 3618 680 3666 et
698 3608 890 3683 declamatio,
912 3610 941 3667 in
962 3621 1100 3690 quantum
1116 3634 1182 3671 rna.
1257 3657 1267 3670 ,

119 3692 199 3752 nime
216 3702 343 3772 potest,
357 3686 487 3750 imitetur
505 3709 557 3749 eas
578 3692 722 3763 actiones,
748 3692 778 3747 in
803 3709 924 3771 quarum
943 3696 1183 3756 exercitationem

117 3784 236 3857 reperta
256 3783 308 3832 est.
774 3778 779 3785 '
843 3786 846 3797 ¹

197 3872 448 3973 tyrannicidarum
470 3872 623 3957 praemia]
659 3873 762 3936 Nullae
790 3872 852 3936 lere
876 3875 1094 3939 declamationes
1122 3879 1182 3941 ire·

120 3966 289 4039 quentrores
315 3977 400 4038 quam
427 3958 462 4016 de
486 3957 618 4038 tyrannis
640 3968 670 4033 et
688 3957 886 4041 tyrannicidis.
904 3956 950 4018 vd.
970 3959 1103 4035 Bonnell.
1121 3962 1140 4021 Ι.
1161 3963 1181 4024 l.
1338 4022 1343 4036 ,

121 4063 149 4121 p.
170 4047 218 4101 27.
246 4039 349 4116 Quint.
369 4040 405 4114 ll,
427 4043 474 4111 10,
494 4043 523 4099 5.
571 4039 652 4104 Ναννι
669 4060 781 4116 'magos
800 4042 836 4100 ‘et
858 4042 1051 4121 pestilentiam
1066 4055 1107 4117 et
1134 4066 1183 4105 re·
1238 4082 1244 4087 ·

121 4143 227 4203 sponsa
246 4133 276 4203 et
294 4125 440 4183 saeviores
459 4125 581 4196 tragicis
603 4137 739 4182 novercas
759 4121 877 4201 aliaque
898 4125 991 4197 magis
1011 4125 1115 4185 adhuc
1128 4125 1184 4205 sa-

113 4205 224 4277 bulosa
235 4202 354 4284 frustra
376 4207 452 4264 iuter
471 4208 635 4286 sponsiones
654 4214 684 4265 et
703 4202 858 4266 interdicta
875 4224 1055 4286 quaeremus.
1080 4207 1185 4283 Quint.
