2968 4810
274 262 319 333 32
474 285 481 298 ·
606 256 766 339 Dialagae
787 251 828 318 de
844 255 1033 319 ‘Oratoribus
1119 262 1122 267 ⁴

274 411 414 495 alienius
440 409 838 500 administrationl,-·sed
859 412 934 487 eibi-
953 411 1021 512 ipsi
1046 408 1146 485 da'r'i?
1174 408 1251 485 illos
1270 409 1362 510 ,quin

273 513 376 585 immo
401 511 505 585 orbos
530 527 563 582 et
584 507 766 609 locupletes
791 529 823 585 et
846 528 998 612 potentes
1023 511 1142 587 noire
1157 507 1363 610 plerumque

275 611 320 683 ad
350 610 501 684 iuvenem
536 625 577 681 et.
601 635 801 708 pauperem,
836 626 873 682 ut
906 625 962 683 aut
991 637 1052 681 sna
1085 626 1142 680 not
1175 609 1362 681 amicorum

275 709 468 783 discrimina
490 705 731 780 commendent.
783 707 902 781 Ullane
919 706 1021 780 'tanta
1046 706 1232 804 ingentium
1254 734 1361 806 opum

175 836 196 847 ··
275 835 314 881 ac
328 828 486 904 'magnae
519 805 686 906 potentiae
709 806 863 908 uoluptas
895 834 996 906 qnam
1013 823 1180 908 ,spectare
1204 804 1360 887 qunrines

274 974 574 1057 captarelstudebant.
615 958 806 1034 ¹Colebuntur
825 974 865 1034 Ιιί
895 968 962 1035 orbi
991 972 1125 1035 homines
1157 973 1192 1034 ab
1219 972 1359 1037 omnibns

274 1050 720 1138 llereditatum'eaptatoribns,
760 1056 805 1116 via
835 1052 871 1116 ad
899 1056 1051 1117 commoda
1078 1048 1281 1136 honoresque*
1296 1054 1359 1115 ἱΙΙίει

311 1137 448 1197 rebat-'et'
465 1148 548 1216 quae
569 1137 623 1196 alia
651 1148 740 1197 erant*
753 1137 1045 1218 orbitatis'praemia:
1085 1136 1130 1198 Cf.
1150 1137 1248 1196 Eeltst.
1268 1137 1304 1195 ad
1326 1136 1359 1196 li.

273 1159 404 1279 Flless.
425 1218 460 1277 ad
480 1220 548 1279 'sao
571 1220 673 1280 Germ.
688 1225 840 1279 20.:Ann.·
860 1221 946 1294 lllll,
959 1222 1007 1279 42.
1029 1224 1078 1279 52.
1100 1221 1165 1290 XV,
1183 1223 1229 1283 19.
1252 1219 1359 1277 Horat.

275 1302 336 1361 Sat.
357 1302 395 1373 ll,
416 1305 454 1368 5.,
473 1299 544 1380 ibiq.
573 1299 727 1377 Heindorf.
743 1300 850 1380 ‘Epist
871 1303 900 1372 l,
917 1306 945 1373 l,
967 1307 1014 1361 78.
1045 1299 1114 1396 iniq.
1145 1298 1256 1371 Obbar.
1282 1297 1383 1361 Ptin*

278 1382 353 1467 Epp.
376 1383 412 1456 ll,
430 1388 481 1459 20.
501 1381 619 1443 Luciam
640 1382 754 1465 Dialog.
774 1384 864 1442 Mort.
883 1383 921 1440 V.
941 1382 978 1441 de
1000 1375 1131 1442 Graecis.

172 1473 176 1480 '
359 1472 451 1552 neque
462 1458 575 1549 'officii'
590 1472 716 1531 alicuius
737 1466 1003 1544 administrationi,
1030 1471 1084 1529 sed
1109 1471 1168 1530 siti
1191 1473 1251 1548 ipsi
1277 1466 1382 1547 dariJ,

276 1549 432 1632 „Officium
452 1552 579 1626 dicitur,
595 1553 680 1632 ,quod
699 1554 747 1613 rol
767 1552 908 1633 honoris,
927 1553 974 1612 vel
995 1551 1135 1615 amicitiae
1150 1573 1251 1633 caussa
1270 1550 1359 1611 alicui

275 1632 407 1694 facimus.
449 1633 526 1693 Plio.
545 1635 619 1715 Epp.
643 1636 666 1709 l,
688 1641 716 1693 5.
759 1636 890 1711 Regulus
918 1654 963 1693 me
993 1637 1124 1692 conuenit
1143 1637 1173 1691 in
1200 1632 1358 1692 Praetoris

275 1713 292 1793 o
316 1720 383 1775 reio.
427 1716 534 1797 Paneg.
555 1721 603 1778 76.
624 1719 716 1794 ipsius
733 1716 849 1796 quidem
872 1713 1001 1794 afficiam
1023 1726 1086 1774 tam
1108 1710 1256 1774 modicum
1276 1724 1357 1775 tam-

295 1818 331 1855 ue
350 1806 547 1875 temperatum
567 1796 618 1856 ubi
640 1800 668 1857 r.
687 1796 833 1857 Sehwarz.
853 1794 954 1857 Claud.
971 1800 1083 1861 aeine
1103 1798 1240 1857 sollemni
1257 1793 1356 1873 officio

274 1820 382 1947 deotiea
401 1883 431 1936 in
445 1878 624 1957 Capitolium
645 1879 724 1937 latus
744 1889 795 1937 eat.
834 1878 941 1953 Unde,
963 1878 1014 1958 qui
1034 1879 1096 1938 eius
1116 1877 1236 1961 generis
1258 1876 1357 1936 officia

277 1960 402 2019 multum
416 1958 538 2034 obeunt,
554 1957 680 2039 officiosi
687 1960 826 2019 dicuntur
837 1983 865 2019 v.
874 1958 997 2020 Casaub.
1011 1959 1129 2043 adAng.
1140 1967 1188 2029 53.
1200 1960 1359 2020 etErnest.

274 2041 310 2100 a'd
332 2042 360 2099 lr.
381 2040 416 2099 l«
458 2040 575 2119 Ruunt.
597 2039 696 2100 Schol.
720 2041 755 2114 ad
777 2041 900 2102 Sueton.
924 2039 1006 2101 Caes.
1033 2047 1079 2101 15.
1120 2037 1355 2113 Addeiusdem

274 2122 353 2185 Dia.
374 2122 410 2180 ad
424 2120 519 2181 ovid.
541 2122 661 2181 Heroid.
685 2128 734 2195 18,
757 2128 803 2181 60.
838 2123 913 2182 ΡΙίη.
936 2122 979 2202 Ep
1000 2167 1008 2180 .
1031 2123 1053 2195 l,
1074 2128 1102 2181 9.
1129 2156 1165 2167 -
1188 2119 1284 2202 officio
1306 2130 1354 2180 to-

272 2223 331 2278 gae
360 2205 450 2261 virilis
469 2202 684 2282 interfui'ibiq.
706 2203 818 2285 Gierig.
842 2204 864 2276 l,
889 2204 932 2262 1¹3.
975 2145 1056 2264 llam
1078 2213 1110 2261 ut
1141 2227 1159 2261 n
1180 2204 1285 2261 ceteris
1305 2222 1355 2260 re·

274 2286 345 2355 dus,
367 2290 412 2343 ita
433 2288 463 2341 in
480 2283 621 2343 audiendi
640 2283 737 2365 afficio
757 2288 836 2363 perit
849 2288 969 2358 gratia,
992 2288 1020 2343 ri
1032 2282 1217 2362 reposcatur.¹
1246 2280 1354 2342 Selrul-

274 2366 361 2440 aius,'‘
385 2358 532 2424 Eeksteiu.
563 2362 594 2424 e't
612 2365 706 2424 'Bacln
734 2360 904 2447 intelligunt
931 2366 967 2425 de
994 2364 1172 2424 muneribus.
1193 2382 1256 2436 e-j
1274 2364 1356 2423 llari

273 2446 292 2506 i.
315 2469 342 2527 q.
366 2446 508 2518 concedi,
538 2446 716 2519 condonari,
746 2446 812 2505 lieri
829 2446 949 2506 alicuius
972 2447 1015 2505 rei
1036 2446 1081 2506 vel
1104 2444 1232 2504 hominis
1251 2464 1352 2503 causa:
1404 2453 1408 2472 ¹

272 2528 352 2588 Ano.
373 2529 396 2600 Ι,
419 2533 446 2587 7.
486 2524 592 2587 Dabat
619 2538 648 2586 et
666 2527 792 2607 famae,
820 2538 853 2586 nt
879 2538 999 2586 roratas
1027 2528 1193 2605 electusque
1210 2529 1311 2603 potius
1332 2544 1354 2583 a

272 2630 306 2668 re
336 2610 457 2687 publica
491 2609 638 2668 rideretur
671 2630 760 2690 quam
794 2630 851 2687 per
879 2609 1183 2668 uaoriuwamlritum
1212 2616 1241 2665 et
1268 2608 1356 2666 senili

273 2684 434 2768 adoptioni
453 2694 607 2769 irrepsisse
628 2689 696 2770 ibiq.
715 2692 791 2771 Rup.
809 2690 928 2749 laudans
946 2712 992 2748 vv.
1007 2710 1173 2828 sqnonyma
1185 2699 1353 2767 praestare,

275 2771 451 2844 concedere,
472 2776 639 2844 remittere,
660 2772 791 2846 donare,
813 2771 996 2844 condonare,
1031 2774 1143 2844 argiri,
1171 2770 1286 2829 dedere.
1315 2770 1352 2844 ll,

273 2859 331 2933 ⁵3:
360 2852 440 2911 Hine
470 2856 583 2913 rentum
603 2854 739 2912 Athenas
750 2851 926 2937 foederique
950 2855 1050 2911 sociae
1074 2861 1104 2911 et
1124 2862 1253 2911 adustae
1273 2852 1354 2913 arlia

272 2935 393 3006 datum,
430 2943 463 2993 at
498 2957 554 2994 nno
582 2936 686 2993 liotore
716 2945 856 2994 uteretur.
902 2930 1049 2994 Boettielr.
1076 2935 1146 2993 Lex.
1174 2936 1243 2994 Tac.
1272 2955 1296 2994 a·
1323 2946 1355 2995 vt

274 3015 393 3075 Ruunt.
415 3016 449 3075 ad
470 3015 544 3076 Vell.
567 3017 628 3076 Pat.
650 3017 686 3090 ll,
709 3021 736 3073 7.

339 3102 425 3158 ¹illos
443 3105 510 3179 quin
529 3105 672 3160 immo-
697 3111 726 3161 et
744 3100 888 3180 potentes]
917 3099 1016 3162 Verba
1036 3111 1066 3161 et
1082 3111 1216 3182 potentes
1236 3122 1253 3161 n
1270 3098 1351 3182 Lipr.

272 3203 290 3242 e
310 3180 384 3242 Cod.
407 3184 491 3243 l'arn.
519 3181 692 3264 interposita
720 3194 897 3260 receperunt
921 3182 995 3242 Edd.
1016 3205 1091 3244 rece.
1131 3185 1285 3262 Frequens
1307 3193 1353 3242 ert

272 3263 449 3343 anastrophe
480 3264 731 3324 coniunctionum
759 3263 835 3357 apud
852 3262 1023 3344 ‘sumptores
1053 3276 1206 3346 argenteae
1239 3262 1351 3338 aetatis,

270 3345 424 3418 Tacitum,
466 3344 701 3420 Quintilianum,
736 3344 812 3404 Plrn.
839 3344 942 3403 Maior.
971 3346 1006 3405 al.
1036 3347 1151 3428 Dialog.
1174 3351 1221 3404 39.
1240 3348 1351 3423 >ipsam

272 3414 452 3507 quinimmo
474 3447 585 3486 euram.
620 3429 721 3487 Germ.
746 3430 792 3486 14.
818 3428 935 3505 pigrum
958 3431 1026 3505 quin
1050 3433 1148 3487 immo.
1180 3427 1280 3485 Germ.
1303 3431 1350 3484 30.

272 3508 383 3565 darant
409 3508 551 3584 siquidem
580 3510 669 3567 eolles
696 3507 766 3587 ibiq.
794 3508 1017 3591 Hess.,Dialog.
1044 3515 1087 3568 19.
1116 3507 1188 3566 uidit
1216 3524 1362 3585 namque·

271 3586 317 3647 Cl.
340 3587 487 3646 Boetticlr.
506 3589 587 3649 'Len
615 3590 683 3649 Tae
713 3612 741 3669 p.
764 3594 823 3648 120
846 3610 890 3669 sq.
932 3588 1033 3649 Eiusd.
1064 3585 1278 3648 commeando
1299 3583 1350 3643 vit.

270 3679 302 3728 et
323 3668 422 3747 script.
446 3670 513 3727 Tae.
532 3692 561 3751 p.
576 3674 632 3730 25.

354 3752 539 3832 discrimina]
571 3756 650 3814 Sunt
676 3775 778 3814 causae
807 3754 1064 3823 eteceosation'er
1092 3750 1217 3836 periculi
1237 3750 1349 3832 plenae,

271 3843 306 3891 nt
333 3843 433 3891 annot.
462 3834 578 3895 Schola.
599 3835 721 3917 ‹Dialog.
747 3841 793 3895 ll.
814 3838 861 3895 34.
885 3840 933 3892 37.
963 3834 1067 3910 Quint.
1089 3836 1127 3908 X,
1149 3838 1181 3909 5,
1204 3838 1251 3893 17.
1281 3853 1349 3891 aera

269 3913 451 3975 dr'serr’mr'ua.
473 3916 521 3989 ΙΙΙ,
545 3924 575 3990 2,
597 3922 623 3976 2.
646 3921 675 3974 r'n
693 3917 850 3975 discrimen
870 3917 993 3996 aliquod
1011 3919 1120 3974 uocari.
1281 3939 1285 3946 ¹

351 4005 438 4053 tanta
456 3998 615 4071 ingentium
632 4018 719 4076 opum
736 4018 773 4056 ae
789 4017 915 4071 magnae
928 4002 1078 4075 potentiae
1092 3999 1227 4076 uoluptas
1241 3992 1348 4078 quam]

271 4074 383 4135 Tantus
407 4109 442 4122 -·
464 4100 553 4159 quarn
576 4100 624 4141 oae
645 4100 661 4139 e
681 4078 790 4157 dicitnr
809 4097 864 4159 pro
885 4087 1037 4139 tantus-
1059 4084 1195 4161 qnantu's.
1229 4079 1347 4141 Terent.

268 4155 380 4242 Hecyr.
401 4159 451 4238 ΙΙΙ,
462 4162 501 4236 4,
523 4165 553 4221 9.
631 4181 669 4221 on
691 4160 803 4220 Hercle
830 4160 939 4237 radr's,
969 4161 1139 4235 Parmeno,
1167 4161 1230 4220 diei
1252 4169 1351 4238 potest
