2968 4810
535 404 541 411 Ι
583 274 662 397 Cap.
687 313 748 379 Vl.
870 361 873 367 -
1164 324 1211 387 td

128 476 256 537 veteres
274 448 306 536 ct
324 485 422 538 senes
441 481 473 540 et
490 465 593 540 totius
615 463 709 541 orbis
729 467 835 566 grstia
849 464 1012 542 subnixos
1028 467 1063 542 in
1079 478 1209 547 suornm

128 587 242 633 rerum
274 565 423 637 omnium
456 564 662 660 abundantia
693 568 907 667 confitentes,
938 568 974 640 id
1001 567 1095 668 quod
1120 573 1210 671 opti-

128 685 221 731 mum
252 661 312 748 sit,
347 688 384 736 se
415 691 484 737 non
519 664 669 740 habere?
717 668 787 740 lam
818 695 896 740 vero
928 667 986 767 qui
1018 676 1210 764 togatorum

128 758 305 832 comitatus
331 778 362 834 et
387 769 561 860 egressus!
596 761 742 864 quaein
767 764 906 868 publico
933 767 1082 867 speciosi
1123 796 1210 869 quae
1265 782 1268 787 '

131 909 260 985 Tantum
278 938 368 1009 quum
395 949 429 989 rc
456 935 525 1011 ipso
550 936 692 1009 navigare
722 933 792 1014 ibiq.
815 933 935 995 Ruhnk.
963 932 993 993 in
1013 921 1121 999 Dictat
1145 908 1208 996 tir.

16 1056 18 1069 .
125 1006 256 1082 XXVL‘
266 1013 293 1068 1.
322 1033 378 1071 nou
406 1013 444 1071 ab
471 1018 521 1074 ira
543 1025 677 1091 tontum,
707 1037 795 1098 quam
822 1016 902 1094 quod
929 1015 998 1075 urbs
1019 1050 1058 1062 -·
1087 1029 1210 1097 recepto

128 1088 292 1149 videbatur.
313 1092 465 1169 XXXVII,
484 1100 534 1156 51.
583 1118 640 1157 uae
660 1120 718 1156 non
744 1108 859 1157 taurum
877 1096 1078 1171 gaudium'-
1101 1102 1210 1158 attule-

127 1179 241 1243 runt‚.
265 1194 335 1232 uam
362 1186 530 1237 averterunt
547 1120 678 1258 brunin.
719 1179 828 1240 Rarior
852 1178 923 1241 haec
950 1179 1135 1240 constructio
1165 1202 1210 1262 np.

129 1248 197 1311 Cic:
215 1195 262 1325 vd
284 1254 403 1316 Soldon.
422 1258 459 1318 ad
479 1279 523 1320 or.
543 1281 587 1341 pr.
608 1261 704 1343 Liger.
725 1266 755 1321 5.
775 1284 804 1342 p.
826 1265 874 1319 90.

213 1349 345 1411 dominos
364 1364 474 1415 cereres
493 1366 523 1415 ct
542 1356 643 1441 senes]
665 1359 746 1418 Bene
765 1354 904 1418 Doederl.
927 1352 995 1415 Lat¹
1010 1355 1124 1441 Sydon.
1142 1355 1210 1417 Vol

128 1428 181 1488 IV.
199 1453 231 1570 p.
251 1438 300 1492 89.
320 1435 520 1532 grpdationenr
541 1437 572 1499 in
595 1439 640 1500 his
654 1438 816 1536 'vocabulis
841 1438 938 1498 inesse
959 1438 1078 1510 statuit,
1097 1450 1144 1534 pt
1164 1438 1212 1535 oc-

129 1519 179 1569 tus
221 1534 307 1588 omo,
342 1529 430 1578 stcutr
449 1525 553 1598 γέρων,
573 1520 608 1581 ad
629 1542 784 1580 numerum
804 1541 967 1592 annorum,
996 1540 1071 1597 quos
1094 1532 1212 1594 taxent,

128 1590 171 1652 sit
190 1594 393 1673 referendum,
422 1620 513 1660 scnccc
535 1614 632 1662 autem
660 1623 750 1663 sensu
777 1600 874 1661 ethico
902 1600 937 1660 ad
964 1621 1013 1675 ea,
1041 1621 1115 1680 quae
1141 1611 1233 1661 sont
1341 1662 1349 1674 ,

128 1672 278 1749 autbona
294 1689 344 1736 aut
364 1678 436 1739 mala
452 1684 612 1744 senectutis
629 1683 758 1765 propria,
780 1681 862 1743 veiut
877 1681 912 1740 ad
926 1680 1110 1764 gravitatem,
1129 1693 1212 1740 tran-

128 1754 322 1833 quillitatem,
346 1762 548 1841 prudentiam,
574 1763 783 1825 infirmitatem.
828 1764 921 1844 Saepe
946 1763 1023 1843 apud
1051 1762 1212 1842 scriptores

128 1835 252 1898 Latinos
273 1839 344 1900 hacc
363 1842 474 1924 aliaque
495 1866 662 1931 synonyma
683 1845 840 1907 coniuncta
861 1845 1065 1926 reperiuntur:
1095 1843 1211 1933 Dialog-

130 1920 181 1977 17.
216 1922 334 2003 ontipui
358 1943 396 1982 oc
421 1937 536 1993 ¹ceteros
564 1939 707 1988 oratores.
751 1925 827 1986 vett.
853 1927 915 1986 Pac
943 1928 967 2002 Ι,
997 1929 1044 1985 16.
1077 1928 1212 2003 priscam

16 2018 22 2037 t
127 1998 214 2057 illam
235 2012 264 2060 ct
278 2009 599 2068 ouercmcomucdiam
617 2008 669 2069 ubi
683 2032 711 2068 v.
731 2005 849 2069 Ruhult
865 2008 902 2085 ΙΙ,
924 2012 972 2070 89.
989 2041 1027 2053 -
1039 2009 1144 2086 prisca
1156 2008 1213 2069 itta

129 2088 162 2139 ct
181 2085 305 2161 antiqua
324 2089 505 2165 reipublicae
515 2089 791 2169 sormo‘reoocata.

215 2189 245 2236 ct
264 2184 354 2241 totius
363 2186 452 2278 ‘orbis
475 2191 579 2261 gratia
598 2188 748 2265 subulcos]
781 2179 862 2246 urbis
890 2205 926 2244 ex
954 2183 1069 2245 emend.
1095 2184 1214 2249 Pithoei

130 2264 1213 2431 gdddblullladdisreddntbthllpnacdrmledlidilemettuveiitbclirdciiibasecpllodi

124 2455 173 2493 ,η
196 2423 242 2480 ccl
258 2423 302 2482 ad
322 2427 402 2486 urbis
420 2428 541 2507 sumum
567 2433 721 2511 pulchrius
742 2434 787 2491 ccl
805 2429 848 2489 ad
868 2432 958 2489 totius
983 2432 1103 2508 r‘mpcrr'r'
1121 2440 1213 2511 atque

131 2505 261 2561 omnium
279 2511 410 2579 pentum
437 2516 573 2573 notitiam
593 2514 754 2587 illustrius,
785 2523 816 2573 ct
837 2532 882 2591 cp.
900 2518 929 2569 8.
957 2532 1015 2570 nou
1034 2514 1130 2570 minus
1149 2530 1214 2571 csse

130 2583 163 2645 ιἰι
182 2589 323 2646 extremis
341 2591 478 2667 partibus
497 2603 656 2655 terrarum.
700 2595 787 2655 Orbis
804 2590 940 2653 absolute
958 2590 977 2649 'n
998 2613 1027 2671 q.
1047 2591 1129 2652 orbis
1149 2603 1213 2657 ter·
1296 2613 1304 2633 ·

130 2682 181 2725 rae
202 2664 264 2725 sive
284 2679 447 2733 terrarum:
477 2675 577 2759 Agric.
601 2681 648 2738 17.
669 2681 688 2735 3
740 2674 837 2735 Valer.
858 2665 933 2732 Max.
954 2673 1006 2746 tx,
1032 2676 1077 2732 11.
1098 2684 1212 2735 extero.

130 2747 162 2806 4·
183 2745 257 2806 Ptin.
278 2750 316 2810 Η.
337 2751 373 2812 Ν.
396 2756 432 2828 ΙΙ,
457 2760 524 2831 71.,
553 2759 634 2838 qnod
653 2779 693 2839 po
742 2779 806 2817 runt
828 2774 893 2814 esse
914 2753 989 2813 dixit
1008 2752 1101 2814 Orell.
1128 2754 1165 2815 ad
1181 2754 1212 2815 b.

129 2823 149 2886 Ι
164 2825 279 2911 Dialog.
294 2832 350 2892 vd(
358 2834 464 2896 Lucan.
486 2838 587 2901 Pharo.
608 2842 674 2916 Vll,
690 2844 761 2900 541.
779 2836 867 2907 Ovid.
884 2837 955 2897 Met.
968 2836 1047 2910 Vnt,
1064 2842 1113 2895 98.
1132 2836 1212 2897 Fast.

92 2952 99 2959 .
132 2909 156 2984 Ι,
185 2914 233 2968 95.
253 2947 293 2962 -
343 2917 492 2978 Subnlxus
519 2920 623 2982 Tacito
651 2918 891 2981 usitatissimum:
926 2916 1004 2977 Aun.
1035 2918 1058 2991 Ι,
1083 2918 1134 2977 47.
1162 2919 1213 2981 itte

132 2990 302 3053 Galliarum
323 2999 425 3077 opibus
445 3001 594 3063 subnrous.
623 3004 688 3077 ΧΙΙ,
709 3006 758 3065 54.
785 3011 816 3061 ct
837 3008 944 3059 cuncta
969 2995 1134 3076 malefacta
1155 3000 1214 3059 sibi

130 3073 247 3152 impunc
268 3088 354 3137 ratus
375 3090 463 3143 touta
482 3089 617 3164 potentio
642 3084 776 3145 rubniuo.
815 3079 863 3142 Cf.
882 3078 1031 3143 Boetticb.
1048 3080 1118 3139 Lex.
1137 3071 1164 3143 s.
1182 3102 1212 3145 v.
1320 3084 1324 3088 ’

131 3172 221 3234 aquo
243 3157 372 3221 citantur
391 3184 510 3244 quoqne
530 3166 652 3247 exempl.
672 3166 735 3226 Liv.
751 3175 786 3224 ut
801 3165 899 3246 XXY,
911 3163 961 3221 41.
985 3163 1038 3241 qui
1053 3160 1212 3223 Hanniba-

132 3235 188 3295 lcru
209 3240 357 3301 subtritam
378 3248 503 3305 clcturr'a
525 3247 672 3311 canneru
688 3248 727 3306 ob
747 3246 828 3307 Nola
847 3243 1028 3322 appulisset.

132 3384 136 3395 p
212 3325 263 3401 qui
287 3332 455 3398 togatorum
486 3333 645 3389 comitatus
671 3338 701 3386 ct
728 3320 878 3404 egressus]
915 3321 1024 3396 Topoti
1049 3318 1122 3381 tut
1150 3340 1213 3409 ηομ
1255 3342 1260 3369 ¹

131 3410 205 3459 sunt
224 3424 372 3467 musarum
387 3419 528 3484 actores,
547 3407 683 3490 patroni,
705 3418 858 3479 oratores,
881 3413 916 3462 ut
930 3400 1043 3462 Dronk.
1064 3401 1212 3482 interpre-

132 3489 210 3542 tatus
242 3496 304 3560 cst,
333 3486 385 3549 sed
411 3487 468 3567 ipsi
495 3488 573 3551 cives
596 3489 722 3549 Romani
742 3486 836 3568 (don.
856 3485 937 3560 XVI,
958 3481 1040 3563 27),
1069 3482 1211 3565 imprimi-³
1327 3483 1331 3489 ¹

131 3554 319 3626 honestiores
345 3579 414 3648 toga
441 3567 556 3645 induti,
597 3592 686 3666 puunr
716 3565 941 3651 ,plebsiofima
976 3563 1103 3627 [unitata
1134 3575 1213 3643 ⁶⁵³0*

129 3641 208 3722 (Liv.
230 3648 280 3718 ΙΙΙ,
304 3653 353 3705 52.
374 3649 426 3720 IX,
447 3648 512 3731 25.)
519 3694 530 3725 ,
560 3673 610 3732 an
631 3650 663 3713 iu
689 3649 805 3710 iudiciis
832 3646 1011 3730 litigabant..
1032 3645 1154 3707 Walch.
1174 3646 1212 3707 ad

130 3724 231 3805 Agric.
251 3748 280 3806 p.
304 3732 370 3787 170.
408 3731 529 3792 Becker.
553 3731 628 3793 Gall.
649 3730 717 3793 Vol.
739 3734 773 3792 ΙΙ.
793 3752 822 3811 p.
844 3735 893 3788 80.
931 3728 1057 3791 Gesner.
1078 3727 1167 3788 Thes.
1187 3748 1211 3791 t.

104 3866 106 3871 ,
131 3826 159 3865 v.
182 3816 319 3881 togatus:
348 3809 476 3887 »Togali
494 3813 627 3896 inprimis
648 3825 732 3882 erant
751 3834 784 3875 ac
807 3806 980 3885 dicebantur
1000 3807 1213 3886 (invalescente
1291 3877 1295 3885 ,

130 3885 199 3949 alias
221 3887 401 3952 lacernarum
421 3893 511 3976 usu),
542 3895 594 3977 qui
613 3896 762 3978 principes
791 3891 915 3953 civitatis
943 3887 1035 3949 officii
1061 3892 1153 3973 gratia
1181 3890 1212 3951 in

127 3965 229 4039 lorum
250 3972 431 4035 deducebant
451 3998 484 4037 ac
498 3976 602 4038 deinde
623 3979 743 4041 domum
758 3971 961 4035 reducebant«
973 4002 1010 4015 -
1031 3972 1078 4033 De
1100 3994 1131 4032 rc
1151 3972 1213 4052 ipsa

131 4048 168 4111 es.
188 4051 303 4137 Dialog.
328 4058 381 4125 11.
395 4059 449 4116 ricc
470 4062 628 4120 comitclus
648 4062 720 4119 istos
740 4068 769 4117 ct
790 4073 924 4131 egressus
945 4061 999 4112 aut
1010 4046 1215 4136 frequentiam

49 4134 54 4141 ’
129 4133 341 4203 ¹salutationum
371 4143 553 4220 concupisco.
595 4140 701 4217 Quint.
726 4141 794 4216 xu,
822 4143 854 4214 8,
883 4141 911 4196 3.
941 4133 977 4194 de
1005 4133 1114 4197 rabuiis
1144 4153 1214 4194 suae

130 4213 250 4277 aetatis:
272 4252 313 4267 -
339 4225 453 4300 partim
472 4224 622 4287 iactantia
641 4225 768 4302 baculi,
794 4227 827 4282 ut
846 4237 896 4280 rcc
915 4218 974 4277 cito
1000 4219 1151 4297 acccpr'ssc
1171 4218 1211 4273 cl

1119 4398 1122 4405 r

336 4448 348 4483 t,
378 4473 384 4477 .
