2928 4810
282 234 349 322 ’ΝΒ
609 250 767 333 Dialogus
788 251 826 312 de
839 247 1031 312 iOratoribus
1098 256 1101 260 ’

284 412 372 498 litata
404 403 652 483 discriminibus
687 404 722 476 iu
748 430 807 476 ore
830 402 1002 497 homiuum
1027 400 1114 499 agit,
1151 423 1316 499 qnorum.
1333 421 1379 468 ea

284 528 402 584 natura
426 524 493 595 est,
520 523 556 580 ut
577 506 628 548 l*
652 503 768 578 secura
796 503 904 576 velint.

634 684 662 742 (l
681 700 766 777 ap,
800 685 994 743 xxxwll.

278 800 298 874 ζ
381 810 530 882 Transe'o
553 807 597 882 ad
624 807 764 881 sormam
788 798 1110 895 ctcousuetudincm
1134 822 1285 880 veterum
1313 802 1377 874 iu-
1425 888 1426 891 Ἴ

285 911 467 997 diciorum3
496 935 581 1010 quac
604 908 667 981 etsi
693 935 782 981 nuuc
801 907 910 1008 aptior
934 907 1109 1007 exstiterit,
1136 898 1377 1006 eloquentiam
1425 916 1426 993 i

286 1076 408 1153 Πούπιος
436 1079 604 1139 nobilitatus
633 1078 844 1141 discriminibus
871 1076 986 1139 Sebnlz.
1010 1077 1125 1141 Dronk.
1154 1076 1266 1148 Ocella
1299 1072 1375 1134 aab.
1425 1066 1426 1115 l

289 1163 496 1225 certaminibus
516 1160 641 1221 Seebod.
663 1161 788 1231 Osann.';
807 1157 966 1231 ¹nobilitata
990 1162 1157 1221 criminibus
1177 1164 1253 1241 bup.
1357 1156 1361 1164 ’

369 1250 398 1304 in
418 1265 468 1305 ονε
488 1244 634 1302 bominum
657 1240 737 1323 agit]
774 1244 798 1301 E
821 1241 894 1303 Cod.
915 1245 998 1302 Fam.
1019 1242 1097 1322 Lips.
1125 1255 1154 1303 et
1174 1264 1253 1321 seqq.
1263 1278 1283 1316 ‚·
1307 1235 1373 1298 nisi

309 1327 367 1388 uod
386 1327 495 1386 Osann.
513 1325 548 1384 ml
567 1325 594 1383 b.
608 1324 626 1384 l.
642 1337 672 1384 et
687 1325 715 1383 iu
730 1325 839 1385 Auctar
853 1326 942 1387 Lexr.
952 1325 1072 1389 Graece.
1087 1347 1115 1405 p.
1124 1331 1174 1385 26.
1195 1321 1372 1405 more-lect

288 1351 383 1471 bodri.
406 1409 471 1468 Par.
493 1407 580 1466 Vind.
602 1418 672 1467 dett
692 1400 765 1467 Eddi
794 1405 903 1466 frustra
926 1417 1037 1467 tuetur.
1086 1407 1121 1465 ln
1140 1428 1191 1467 ονε
1209 1407 1372 1465 bominum

288 1496 353 1569 agit
374 1490 392 1550 i.
409 1513 436 1570 q.
453 1489 482 1548 iu
504 1500 662 1571 conspectu
683 1487 832 1548 bominum
852 1500 996 1563 versatur,
1017 1487 1184 1548 bominibus
1202 1485 1371 1567 conspicua

238 1624 246 1648 ,
288 1587 343 1635 est.
363 1574 431 1633 Tac.
452 1570 528 1632 Hist.
548 1573 597 1645 Ill,
618 1576 667 1632 36.
688 1575 788 1630 inore
811 1572 889 1645 uulgi
906 1591 1003 1646 agere.
1044 1567 1161 1630 Sallust.
1179 1570 1283 1651 fragm
1304 1567 1366 1627 inc.

248 1678 251 1685 ¹
292 1663 339 1719 17.
366 1658 439 1715 orat.
462 1644 546 1714 Cotu'
563 1672 623 1715 cos.
653 1652 689 1711 ad
715 1672 783 1732 pop.
806 1650 833 1733 ξ.
855 1656 883 1712 4.
925 1653 956 1712 Λ
979 1657 1079 1733 prima
1105 1652 1308 1711 adulescentia
1329 1652 1368 1707 in

240 1774 243 1782 ,
290 1760 340 1800 ονε
363 1747 455 1797 oestro
473 1738 605 1817 priuatus
624 1743 654 1792 et
673 1736 702 1792 iu
723 1734 944 1808 magistratibus
964 1738 1012 1809 egi
1031 1756 1054 1794 c.
1075 1746 1173 1795 annot.
1192 1732 1278 1793 fabri
1302 1729 1367 1792 Cic.

240 1888 242 1897 ,
291 1841 335 1881 or.
358 1841 403 1900 pr.
423 1819 511 1877 Rosa.
526 1818 600 1895 [Am.
618 1821 646 1874 6.
676 1825 742 1873 erat
764 1813 813 1874 ille
835 1817 953 1892 {Romae
968 1815 1107 1899 frequens
1127 1827 1213 1900 atque
1242 1819 1274 1873 in
1289 1811 1366 1893 soro

292 1913 320 1961 et
350 1906 380 1961 in
406 1919 455 1959 ονε
482 1900 609 1956 omnium
632 1897 811 1956 uersabatur.
852 1897 937 1958 Falso
961 1896 989 1956 h.
1010 1897 1027 1957 l.
1049 1897 1163 1959 Sebulz.
1183 1897 1365 1978 interpreta-

290 1994 355 2042 tur:
379 1977 562 2040 sermonibus
582 1977 664 2060 vulgi
684 1977 863 2050 celebratum
894 1992 924 2040 ct
944 1979 1056 2060 Dronk.
1076 1981 1176 2042 citavit
1193 1981 1261 2040 Tae.
1284 1979 1364 2038 Hisc

292 2066 329 2137 ΙΙ,
352 2069 400 2122 73.
426 2063 492 2120 erat
521 2071 619 2120 tamen
644 2064 675 2135 in
702 2081 753 2120 ore
773 2059 920 2145 famaque!
940 2064 1152 2143 Vespasianus,
1171 2061 1232 2129 xubi
1252 2066 1286 2121 in
1314 2080 1364 2121 ore

192 2185 199 2192 -
292 2166 354 2208 esse
373 2143 392 2202 i.
414 2166 441 2222 q.
462 2143 491 2205 in
513 2160 648 2202 sermone
670 2141 820 2219 bominum
840 2164 912 2204 esse.
1131 2218 1133 2221 Ι
1175 2144 1177 2151 ’

375 2236 407 2285 ut
424 2224 472 2265 *³*
490 2245 596 2283 secura
616 2222 717 2305 uelint]
739 2235 771 2284 ut
783 2245 888 2286 secura
904 2226 991 2285 uelint
1012 2224 1149 2286 exhibent
1167 2222 1259 2287 Codd.
1275 2226 1361 2285 Fam.

209 2326 211 2329 ’
293 2311 358 2370 Par.
379 2306 466 2366 Vind.
486 2307 559 2366 Edd.
581 2305 658 2387 Spir.
671 2307 736 2366 Put.
758 2307 824 2368 Riv.
842 2309 912 2375 Ber.
932 2307 995 2367 Alc.
1017 2307 1129 2367 Dronk.
1150 2308 1239 2368 Bekk.
1260 2307 1360 2384 Baebi,

139 2410 141 2415 ‘
226 2443 230 2449 .
294 2413 360 2454 cum
389 2389 474 2471 signo
500 2388 616 2449 lacunae
645 2388 736 2448 Orell.
765 2402 795 2449 ct
823 2389 896 2449 Rite
950 2389 1082 2450 Rhenani
1116 2391 1276 2451 conicetur.
1311 2412 1361 2449 uo-

263 2518 266 2525 ,
294 2477 349 2535 lint
369 2471 461 2532 secuti
481 2482 551 2531 suut
570 2470 702 2553 plerique
722 2471 813 2544 Reid,
834 2494 917 2551 quam
934 2470 1048 2532 Scbule.
1068 2471 1110 2532 sic
1130 2471 1303 2552 explicavit:
1329 2483 1363 2532 ut

275 2581 278 2591 ·
296 2555 438 2641 gaudeant
462 2552 626 2634 spectaculo
640 2551 768 2633 [periculi
787 2553 895 2633 plenoi
918 2555 1013 2650 itaqu:
1040 2564 1075 2613 ut
1101 2567 1240 2634 respuant
1262 2575 1362 2614 causas

296 2634 384 2698 uallis
403 2634 540 2717 periculis
564 2634 705 2695 obnoxias
728 2646 758 2695 ct
775 2635 865 2696 ismae
886 2636 983 2716 cupidi
1003 2635 1120 2695 nonnisi
1139 2635 1239 2717 plenas
1257 2636 1365 2696 discri-

296 2718 383 2782 minis
405 2728 435 2777 et
453 2716 530 2777 aleae
550 2719 654 2779 ament.
694 2717 836 2777 Lacunam
856 2718 887 2777 in
903 2717 932 2776 b.
947 2717 966 2776 l.
985 2717 1082 2778 inesse
1097 2709 1264 2799 'suspicatus
1283 2718 1364 2779 Rad.

297 2798 435 2884 Agricola
454 2797 579 2859 coniecit
595 2807 637 2883 ‚ut
664 2798 753 2857 dubia
781 2799 919 2872 laudent,
948 2820 1051 2863 secura
1071 2802 1180 2875 nolint,
1207 2800 1365 2881 probatum

297 2883 379 2965 Lips.
398 2881 428 2940 in
446 2892 558 2940 aunott.
576 2879 852 2951 etSchurelleiscb.;
869 2880 982 2948 ‚Acidal
1005 2894 1037 2942 ut
1057 2882 1146 2941 dubia
1158 2883 1298 2956 'laudent
1319 2903 1365 2942 se-

299 2985 373 3041 cura
393 2966 497 3024 malint
516 2974 623 3044 recept.
644 2961 679 3021 ab
699 2963 803 3022 Heum.
821 2975 854 3024 et
873 2963 915 3024 sic
935 2962 1132 3044 explanatum:
1161 2985 1193 3024 ca
1212 2964 1291 3025 enim
1310 2964 1381 3043 Ιιο-;1

228 3076 232 3097 ι
300 3047 548 3117 minnmnatura,
568 3055 603 3103 ut
623 3042 757 3104 securum
779 3066 810 3105 sc
831 3045 953 3133 quisque
974 3044 1062 3125 velit,
1086 3046 1248 3126 periculosa
1267 3059 1365 3107 tamen

300 3142 332 3191 ct
344 3129 402 3209 qui
421 3149 454 3189 ca
472 3125 609 3202 subeunt,
629 3125 762 3186 laudibus
783 3126 890 3199 ierant;
913 3128 1019 3188 nitur.
1038 3127 1069 3187 iu
1089 3140 1199 3188 aunott.
1222 3139 1255 3188 ut
1274 3130 1365 3189 dubia

224 3248 229 3253 ·
301 3213 387 3286 aliis,
409 3210 465 3270 sibi
483 3229 585 3268 secura
600 3210 701 3270 nolint.
735 3209 822 3269 Bacb.
843 3221 875 3268 ut
896 3212 1108 3279 secura‘oelint
1130 3210 1172 3271 sic
1189 3208 1389 3292 iuterpre'ta-'

302 3306 370 3354 tur:
411 3290 559 3351 bominum
580 3301 682 3350 natura
708 3289 748 3350 ita
774 3294 934 3373 comparata
962 3303 1007 3352 est
1032 3303 1067 3350 ut
1095 3292 1278 3352 securitatem
1309 3292 1364 3352 sibi

303 3385 388 3457 optet
406 3373 530 3452 ideoque
550 3370 714 3432 discrimina
733 3372 830 3433 laudet
848 3395 921 3454 quac
936 3373 1042 3434 milites
1061 3374 1092 3434 in
1112 3372 1208 3447 bello}
1231 3379 1363 3435 omtorcs

303 3457 342 3529 iu
356 3477 424 3538 pace
442 3475 498 3535 pro
517 3453 762 3537 civium'suorum
782 3455 936 3516 securitate
954 3455 1125 3536 suscipiunt.
1164 3457 1306 3537 Equidem
1326 3456 1365 3517 ob

303 3538 398 3601 Codd.
422 3540 597 3623 conqcn'sum
624 3535 720 3596 locum
742 3559 803 3597 nou
822 3538 1009 3610 mutandum,
1039 3538 1089 3599 sed
1111 3537 1227 3599 lacunae
1249 3539 1363 3622 signum

306 3612 473 3704 ponendum
503 3617 588 3690 duxi3
617 3619 668 3678 sed
694 3619 764 3698 quirl
791 3620 829 3679 sit
856 3619 1047 3700 supplendum
1075 3620 1204 3682 divinare
1230 3642 1291 3681 nou
1310 3642 1364 3702 po-

207 3776 210 3781 ,
305 3707 359 3763 tui.
402 3699 531 3761 Orellius
552 3711 652 3782 putat,
681 3701 792 3760 etiarnsi
811 3700 917 3781 aliquid
938 3701 1091 3776 exciderit,
1120 3702 1187 3764 lect.
1208 3714 1240 3762 ut
1259 3723 1363 3763 secura

308 3786 394 3846 velint
412 3795 525 3843 retenta
552 3780 728 3864 argutiorcm
757 3804 821 3843 csse
847 3784 1034 3844 seutentiam:
1064 3806 1164 3845 secura
1184 3785 1276 3845 velint
1294 3785 1364 3845 sibi-

307 3878 369 3926 met
382 3865 470 3946 ipsis,
491 3866 559 3924 doru
578 3876 673 3923 tamea
693 3885 744 3924 eos
765 3866 881 3931 laudaut
900 3878 930 3927 et
948 3865 1143 3944 admirantur,
1164 3868 1215 3949 qui
1234 3867 1365 3931 audacter

307 3945 522 4009 discriminibus
540 3946 654 4006 obviam
676 3950 763 4007 euub'

369 4027 619 4109 constitnit.
642 4048 734 4111 'quae
761 4034 817 4089 etsi
836 4052 914 4090 nune
930 4035 1026 4112 aptior
1044 4035 1209 4107 exstiterit,
1237 4033 1363 4115 eloqueri-

309 4115 382 4170 tiam
398 4107 513 4190 tamen]
535 4130 610 4191 quae
622 4115 678 4171 etsi
691 4132 765 4171 nuno
780 4116 878 4193 aptior
892 4122 952 4171 est:
969 4117 1014 4173 ita
1030 4117 1087 4172 erit
1100 4116 1281 4195 eloquentia:
1300 4124 1363 4173 tan·

271 4226 277 4239 x
311 4204 372 4252 tum
386 4190 477 4252 Codd.
490 4192 575 4252 Fara.
595 4190 647 4281 (iu
660 4213 720 4274 quo
740 4198 797 4253 erit
816 4215 873 4254 om.
891 4205 966 4255 teste
981 4193 1076 4279 Nieb,
1094 4196 1172 4256 uude
1186 4206 1363 4256 tomeneuo-

545 4268 645 4390 fiii
