2970 4808
263 274 326 339 128
475 262 483 278 ⁹
523 288 527 291 ’
585 270 743 351 Dialogus
764 269 803 330 de
828 267 1028 331 Oratoribus.
1132 347 1137 355 .

259 449 354 520 rum,
381 428 442 502 etsi
466 425 763 512 nou‘instruetus',
799 442 832 496 at
858 440 944 496 certe
970 423 1119 497 imbutus
1138 417 1207 512 sit,
1242 422 1342 494 novis

263 549 294 604 et
322 526 493 628 exquisitis
520 525 726 623 eloquentiae
751 522 927 596 itineribus
953 551 1039 621 opus
1066 539 1132 612 est,
1166 549 1228 621 per
1253 549 1342 620 quae

260 647 372 702 orator
398 624 569 698 fastidium
595 623 723 695 aurium
750 622 908 717 effugiat,
943 623 1058 720 ntique
1084 623 1174 722 apud
1201 649 1259 694 ens
1285 621 1341 718 ju·

261 729 371 814 (lices,
411 725 467 823 qni
492 723 521 794 vi
549 740 580 794 et
603 738 781 821 potestate,
808 740 884 827 (non
905 723 976 792 iure
1002 737 1034 791 et
1057 720 1188 817 legibus
1213 747 1341 816 eogno-

260 842 374 914 scunt,
401 840 433 899 et
457 848 519 907 nec
546 822 713 925 occipiunt
739 837 907 919 tempora,
935 819 995 892 sed
1020 820 1241 906 constituunt,
1277 845 1341 890 nec

264 1001 351 1040 arnor
375 980 484 1050 nostri,
513 986 546 1035 at
567 989 646 1035 certe
667 977 764 1036 odium
785 980 833 1037 sui
851 974 901 1034 ubi
927 975 974 1050 vd.
996 975 1081 1033 lless.
1102 974 1180 1033 Ano.
1202 976 1267 1047 ΧΙΙ,
1291 976 1340 1034 39.

260 1066 317 1121 etsi
337 1082 393 1118 non
420 1060 582 1140 proelium,
617 1069 652 1116 at
681 1069 759 1117 certe
787 1059 901 1116 bellom.
931 1025 1086 1133 sitiendi
1108 1057 1195 1115 Turs.
1228 1054 1295 1113 Vol.
1318 1057 1339 1113 Ι.

231 1176 234 1193 ι
258 1166 287 1223 p.
309 1145 378 1202 427.
407 1141 474 1199 Vol.
497 1142 529 1198 ΙΙ.
558 1143 675 1220 pent.
724 1134 942 1219 Departieipp.
964 1141 1182 1235 1511555155-
1211 1138 1341 1196 imbutus

245 1223 416 1284 siantmt.
438 1221 614 1281 adonta
641 1274 646 1281 ,
992 1236 1011 1255 ·
1068 1238 1074 1267 ’.

342 1309 531 1399 eloquentiae,
541 1313 710 1397 itineribus]
733 1318 805 1379 ,1.5.
832 1308 987 1376 itineribus
1015 1316 1051 1375 etl
1063 1312 1284 1393 eloquentiam,
1304 1328 1341 1374 nt

223 1434 225 1443 ·
261 1422 349 1481 supra
370 1400 485 1459 dicendi
504 1401 559 1455 oia.
601 1398 651 1457 Sic
672 1403 729 1456 iter
747 1398 943 1481 metonymice
965 1398 1094 1478 positum
1116 1396 1238 1478 legimus
1260 1397 1340 1478 apud

261 1486 335 1563 opst.
355 1481 468 1561 scriptt.
499 1477 561 1538 Cic.
586 1479 622 1537 de
653 1479 735 1538 Orat.
758 1481 782 1553 Ι,
811 1486 862 1554 60,
886 1486 955 1538 256.
984 1484 1041 1537 iter
1069 1481 1267 1560 antiquitatis,
1301 1480 1339 1553 ΙΙ,

261 1570 312 1640 57,
341 1550 409 1622 2¹34.
439 1566 496 1620 iter
524 1562 748 1642 disputationis,
780 1561 868 1643 Legg.
893 1563 931 1634 l„
948 1566 995 1633 13,
1025 1566 1073 1619 37.
1101 1563 1158 1617 iter
1185 1563 1339 1631 sermonis,

244 1647 335 1725 tipp.
355 1644 389 1703 ad
411 1642 500 1701 Attio.
521 1644 573 1716 IV,
594 1647 620 1701 2.
649 1646 833 1700 iteramoris
854 1652 884 1700 et
901 1638 1006 1721 officii,
1036 1640 1140 1715 Quint.
1160 1662 1291 1720 prooem.
1310 1647 1339 1701 6.
1366 1664 1373 1673 “

150 1741 153 1747 ’
260 1731 343 1786 ouius
358 1728 459 1805 prima
480 1733 566 1781 aetas
593 1722 779 1800 manifhstttm
799 1727 857 1781 iter
885 1723 928 1780 ad
947 1726 1056 1796 ingenii
1085 1725 1180 1781 lumen
1201 1722 1336 1781 ostendit.

260 1806 369 1868 Similis
390 1802 559 1885 metaphora
581 1817 627 1863 est
647 1804 720 1863 Diei.
741 1810 789 1863 32.
808 1826 863 1884 per
883 1825 982 1862 omues
1002 1806 1182 1885 eloquentiae
1201 1824 1338 1863 nurneros

259 1893 324 1947 isse.
366 1887 412 1945 Ad
430 1886 604 1945 sententiam
625 1885 654 1943 h.
672 1884 690 1943 1,
709 1884 744 1945 cs.
767 1907 839 1964 quae
858 1887 1022 1943 Westerm.
1045 1886 1082 1944 G.
1104 1886 1130 1943 d.
1152 1907 1176 1943 r.
1191 1885 1225 1943 B.
1246 1884 1273 1965 ᾗ.
1288 1892 1339 1943 82.
1386 1911 1392 1918 ·

260 1970 295 2029 de
318 1968 411 2051 lorma
433 1966 574 2026 orationis
596 1979 705 2027 mutata
727 1988 793 2026 enm
815 1966 983 2027 conditione
999 1979 1166 2047 temporum
1184 1977 1217 2026 et
1239 1967 1338 2027 diver-

259 2050 344 2111 sitate
362 2046 477 2108 aurium
498 2048 643 2128 exposuit.

263 2180 266 2187 ⁴
341 2147 447 2227 utique]
478 2144 624 2205 1115122.
650 2152 697 2205 23.
737 2146 819 2203 Bene
847 2143 882 2202 de
911 2143 989 2204 115.
1017 2142 1136 2202 Herbst.
1167 2144 1202 2203 nd
1232 2142 1337 2218 Quint.

259 2229 299 2300 Χ,
324 2232 353 2302 1,
374 2234 441 2286 20.;
464 2228 585 2308 »Utique
607 2228 677 2285 dass
697 2226 772 2284 doeh
786 2226 823 2306 jtt
843 2228 967 2303 primum
989 2238 1034 2283 est
1050 2224 1177 2304 optantis
1198 2236 1248 2284 aut
1270 2246 1338 2283 sua-

260 2308 355 2367 dentis
377 2330 408 2368 nc
428 2306 651 2388 praecipientis,
681 2326 740 2387 qun
770 2308 935 2387 significatu
959 2328 1025 2365 enm
1048 2306 1237 2365 coniunctius
1259 2303 1351 2384 (Cic.

260 2390 350 2448 Attis.
372 2392 423 2463 lV,
453 2390 498 2469 8.)
527 2401 556 2450 et
586 2389 757 2470 imperativo
787 2387 833 2446 vel
858 2388 957 2466 partic.
987 2389 1053 2445 Fut.
1080 2389 1159 2445 Pnss.
1186 2385 1337 2467 iungitur3

260 2470 364 2530 deinde
395 2471 426 2528 in
456 2468 608 2550 quibusvis
648 2468 901 2546 enunciationibns
928 2468 987 2526 vim
1024 2466 1197 2547 affirmandi
1221 2488 1340 2526 assene-

262 2551 403 2633 raotlipue
423 2553 542 2631 accipit,
563 2564 598 2610 ut
618 2553 657 2611 sit
677 2563 812 2610 nostrum
828 2550 1088 2624 soleleeltterclings,
1111 2549 1274 2621 dorchaus,
1287 2547 1339 2628 je·

261 2630 393 2712 deusolls.
436 2632 480 2693 Cf.
511 2633 538 2712 ᾖ.
568 2636 616 2692 24.
644 2639 692 2692 57.
725 2637 789 2690 113.
819 2638 850 2702 2,
876 2637 921 2689 10.
951 2637 981 2707 5,
1007 2636 1052 2689 12.
1082 2637 1110 2704 7,
1135 2633 1181 2689 14.
1211 2635 1268 2699 19,
1286 2637 1336 2689 30.

259 2710 417 2773 Nonnullis
436 2724 532 2771 tamen
561 2712 665 2771 horum
687 2712 820 2771 locorum
844 2711 1030 2791 interpretari
1054 2710 1246 2785 licet'eerte‚
1278 2731 1338 2772 we-

259 2797 406 2867 nigrum,
428 2805 463 2852 nt
486 2800 513 2867 1,
537 2798 603 2852 113.
624 2799 655 2868 2,
680 2801 742 2851 to«
783 2792 867 2851 Febr.
888 2793 922 2852 ad
944 2792 1007 2850 Liv.
1029 2793 1179 2866 11111411.
1202 2795 1250 2851 54.

343 2878 370 2931 oi
397 2885 426 2932 et
452 2884 656 2956 potestate-
689 2871 878 2954 cognoscunt]
913 2874 963 2933 sic
992 2871 1084 2932 Codd.
1113 2874 1198 2931 Farn.
1226 2872 1339 2932 Vaticc.
1382 2902 1385 2907 ·

262 2959 349 3014 1518.
370 2957 460 3015 4498.
480 2958 544 3015 Par.
565 2956 652 3015 vind.
674 2956 746 3014 Edd.
767 2966 834 3012 aute
854 2955 932 3032 Lips.
954 2966 983 3013 et
1004 2954 1163 3025 Pithoeus,
1183 2953 1261 3012 unde
1286 2974 1338 3014 re-

228 3034 237 3083 t'
259 3037 389 3116 positum
411 3048 457 3096 est
476 3058 492 3095 a
512 3037 625 3106 Dronk.
648 3049 677 3095 et
698 3047 819 3095 recenti.
840 3047 956 3114 praeter
974 3037 1052 3114 Rup.
1075 3055 1129 3114 pro
1152 3045 1205 3092 ant
1226 3056 1242 3093 e
1262 3055 1337 3093 con-

222 3114 225 3119 *
259 3118 324 3177 ieet.
345 3118 422 3197 Lips.
445 3140 460 3176 a
482 3119 655 3197 seqq..Edd.
676 3129 783 3196 recept.
825 3118 938 3198 Syunn.
960 3120 1046 3175 viset
1063 3126 1197 3196 potestas
1213 3117 1334 3196 ‘saepius

260 3198 410 3278 ascriptt.
427 3200 502 3257 Latt.
531 3200 769 3280 coniunguntur:
804 3203 896 3255 viset
916 3207 1050 3278 potestas
1080 3198 1199 3256 Terent.
1230 3199 1336 3257 lleaut.

260 3281 313 3354 tV,
336 3285 365 3351 3,
391 3285 438 3337 31.
461 3278 537 3338 Geli.
558 3281 594 3339 N.
615 3282 651 3338 A.
672 3282 737 3354 ΧΙΙ,
764 3283 809 3336 10.
839 3281 879 3336 nis
899 3299 936 3336 ae
953 3289 1084 3360 potestas
1111 3280 1178 3338 Tac.
1199 3278 1276 3337 Hist.
1297 3280 1335 3354 lt,

260 3364 309 3419 39.
333 3362 381 3434 tlt,
409 3367 453 3419 11.
484 3366 524 3419 ais
544 3371 573 3419 et
589 3366 722 3440 potentia
750 3360 851 3418 Germ.
872 3361 920 3417 42.
946 3358 999 3417 ubi
1027 3381 1055 3419 v.
1082 3361 1169 3418 Hess.
1195 3359 1336 3419 Doederl.

259 3442 321 3499 Lat.
346 3442 419 3522 Syn.
442 3441 507 3500 Vol.
531 3446 567 3499 V.
588 3465 615 3521 p.
638 3448 686 3500 82.
709 3441 799 3499 refert
825 3449 1019 3517 potestatem,
1046 3445 1210 3520 potentiam
1231 3453 1261 3500 et
1278 3461 1336 3520 pn-

260 3531 403 3580 tentatum
444 3522 478 3580 ad
511 3521 661 3587 homines.
699 3521 750 3600 qui
785 3520 873 3578 animi
905 3520 1016 3580 viribus
1052 3521 1100 3580 usi
1135 3521 1170 3579 ad
1197 3520 1336 3580 volunta-
1364 3540 1367 3547 ·

259 3614 319 3662 tem
342 3623 421 3665 snam
450 3600 558 3679 aliquid
585 3602 712 3661 efficiant
738 3599 977 3683 (intellectueile‚
1007 3602 1108 3660 durch*
1129 3601 1336 3661 Willensirei-

261 3681 323 3742 heit
351 3681 517 3741 bestimmte
551 3681 739 3763 Wirtnng)‚
774 3686 830 3740 nine
868 3694 898 3741 et
933 3683 1022 3739 rollo
1053 3684 1087 3741 ad
1124 3704 1171 3742 res
1205 3704 1336 3762 qnoque,

260 3782 333 3842 quae
364 3773 470 3841 sponte
503 3763 576 3822 nihii
603 3764 720 3824 efficere
755 3763 872 3842 possint
895 3762 1127 3842 ¹(mechanische
1155 3762 1335 3843 Wirkung).

259 3879 300 3893 -
332 3842 508 3915 Cognoscere
543 3845 588 3922 (it.
604 3842 699 3919 'cogn
732 3844 870 3923 eausam)
907 3854 954 3903 est
990 3864 1053 3902 voc.
1083 3845 1219 3918 forense,
1255 3844 1364 3923 quod>

260 3924 296 4066 (ἑο
325 3923 439 3998 iudice,
475 3925 646 4007 magistratu
684 3937 714 3986 et
742 3936 860 3984 oratore
894 3924 1001 3984 dicitur
1032 3925 1067 3983 el.
1100 3924 1236 3985 Schuetz.
1261 3926 1335 3984 Lex.

287 4025 322 4063 re.
344 4026 367 4062 s.
389 4026 417 4063 v.
1098 4058 1102 4063 ,

343 4101 372 4148 et
392 4109 445 4147 nea
466 4093 611 4169 accipiunt
631 4101 781 4168 tempora,
801 4090 856 4147 sed
875 4093 1062 4167 constituunt]
1083 4090 1156 4152 Cod.
1176 4092 1201 4149 F
1202 4113 1262 4151 515.
1282 4104 1337 4150 nee

259 4169 344 4230 omis.
365 4180 394 4230 et
413 4190 566 4251 perperam
587 4170 739 4230 eiecerunt
759 4168 864 4230 Heum.
879 4182 916 4229 'et
936 4171 1052 4232 Schola.
1072 4173 1160 4232 Bach.
1182 4172 1214 4232 iu
1235 4184 1339 4233 annot.

1353 396 1362 411 ·
1468 356 1471 441 t
