2970 4808
510 265 769 374 *capxtsr
953 244 1005 377 ¹,
1167 303 1209 362 97

131 437 317 540 spiretione
342 441 505 531 damnari,
530 443 592 517 scd
615 441 679 518 lior
703 445 850 545 primum
864 443 1098 545 interrogabo,
1122 474 1209 565 quos

131 539 258 612 vocetis
284 540 472 641 antiquos„
488 570 590 642 quam
609 560 777 618 oratorum
804 560 942 619 aetatem
967 546 1209 643 significatione

44 700 46 705 s
131 637 197 710 ista
234 637 469 716 determinetis.
529 642 603 734 Ego
640 640 728 717 enim
763 655 866 742 quum
902 643 1004 719 audio
1040 648 1208 747 antiquos,

133 734 299 835 quosdam
330 754 454 811 veteres
482 755 513 811 ct
533 738 612 812 olim
634 757 730 815 natos
758 740 930 838 intelligo3
966 771 1004 819 ac
1028 745 1110 817 mibi
1134 773 1209 819 ver-

133 850 251 909 santur
274 851 349 909 ante
371 835 486 909 oculos
504 836 617 912 Ulixes
640 855 671 910 et
694 839 826 927 Nestor,
850 855 994 938 quorum
1013 861 1103 917 aetus
1120 843 1209 919 mille

131 927 202 1003 fere
232 949 263 1004 et
287 935 440 1006 trecentis
457 936 553 1008 annis
579 935 746 1009 soeculum
772 943 922 1010 nostrum
946 942 1125 1033 antecedit:
1149 970 1263 1016 vos·

131 1047 242 1102 autem
257 1031 513 1107 Demosthenem
540 1052 571 1107 et
595 1035 800 1138 Hyperidem
825 1037 1000 1136 profertis,
1025 1064 1110 1138 quos
1128 1042 1208 1113 sutis

133 1145 262 1201 constat
284 1129 432 1231 Philippi
463 1146 494 1204 et
518 1132 700 1206 Alexandri
727 1134 934 1234 temporibus
960 1133 1132 1229 floruisse,
1161 1140 1209 1212 ita

29 1268 35 1279 ·
131 1244 260 1316 tamen,
294 1245 331 1299 ut
355 1231 489 1330 utrique
516 1234 711 1331 superstites
737 1249 857 1307 essent.
900 1233 951 1307 Ex
974 1262 1042 1333 quo
1070 1232 1210 1337 apparet

124 1397 294 1459 <inauditum
315 1392 543 1476 etindescnrum
567 1431 605 1444 -
627 1420 751 1481 rapere,⁴
777 1396 854 1460 Hist.
874 1401 896 1471 1,
918 1405 945 1459 6.
973 1402 1101 1479 inmiti
1120 1416 1208 1488 atque

130 1477 287 1556 indeletum
314 1479 351 1552 ll,
377 1483 422 1537 10.
449 1478 628 1557 indefensum
656 1493 686 1541 et
704 1481 878 1542 inauditum.
926 1483 1032 1544 Aetate
1053 1483 1206 1547 Ciceronis

130 1559 281 1619 dicebatur
301 1560 413 1619 indicta
433 1560 495 1619 sive
515 1565 665 1636 incognita
685 1582 779 1621 causo
797 1561 835 1620 ali
855 1581 921 1619 uem
943 1563 1093 1638 damnare,
1127 1563 1208 1645 quod

129 1640 243 1722 legibus
264 1638 387 1700 vetitum
407 1639 498 1700 fuisse
519 1656 642 1703 constat.
654 1643 709 1714 ⁴vd.
722 1645 801 1722 Rup.
815 1584 854 1703 ad
868 1642 946 1703 Hirr.
965 1646 989 1721 l,
1010 1651 1037 1704 6.
1080 1644 1130 1706 stc
1145 1645 1206 1708 Cic.

128 1721 195 1782 Not.
213 1723 252 1782 D.
274 1724 310 1794 ll,
331 1728 380 1781 29.
425 1724 528 1781 {fastra
549 1729 626 1785 euim
642 1726 737 1783 sulum
758 1725 872 1798 legitis,
895 1736 991 1784 vestra
1011 1731 1139 1786 amatis:
1159 1749 1206 1789 ce-

129 1810 209 1862 teros
230 1821 324 1875 causa
349 1806 500 1876 incognita
519 1804 678 1865 damnatis.
701 1839 741 1850 -
783 1805 968 1883 Couspr'ratio
991 1818 1037 1866 est
1055 1827 1120 1867 voc.
1143 1828 1206 1869 me·
1287 1874 1296 1887 „

128 1884 227 1956 dium,
256 1905 316 1962 quo
339 1883 375 1943 de
394 1882 537 1943 industria
564 1908 637 1946 usus
667 1894 712 1946 est
733 1886 822 1966 Aper.
844 1885 893 1947 vd.
911 1887 1006 1947 Reitr.
1027 1888 1063 1948 de
1088 1888 1205 1971 Ambig.
1273 1958 1278 1965 .

128 1987 158 2045 p.
180 1970 247 2033 119.
268 1963 386 2024 Ruhnk.
406 1964 504 2027 Scbol.
525 1962 561 2025 ad
581 1970 663 2028 Suet.
685 1965 768 2027 Caes.
793 1972 856 2027 15·v

135 2102 139 2105 .
182 2124 184 2133 J
210 2073 283 2135 quos
302 2056 409 2111 vocetis
428 2053 580 2134 antiquos]
609 2054 798 2136 »Ambiguam
825 2047 1037 2117 vocabulorum
1057 2055 1205 2139 antiquus,

128 2145 219 2206 retus,
242 2143 369 2195 uetustus
383 2134 547 2208 notionem,
569 2134 621 2193 ubi
642 2136 676 2196 de
698 2135 891 2215 scriptoribus
911 2149 1108 2217 usurpantur,
1135 2137 1204 2198 illu-

128 2226 261 2276 struunt
278 2214 397 2274 Ernesti
416 2215 451 2273 ad
470 2215 552 2282 Suet.
563 2215 661 2277 Tiber.
682 2237 706 2276 c.
729 2223 777 2274 70.
797 2227 828 2276 et
846 2218 879 2275 F.
899 2216 945 2275 A.
958 2217 1056 2277 Wolf.
1076 2218 1107 2277 in
1126 2220 1203 2293 Pro-

127 2295 205 2377 legg.
233 2295 267 2353 nd
296 2293 505 2356 Pseudo-Cic.
527 2316 571 2355 or.
597 2316 640 2377 pr.
660 2295 787 2358 Marcell.
810 2319 843 2378 p..
858 2298 950 2357 xxtt.
970 2299 1008 2356 Ν.
1031 2299 1066 2358 cl.
1090 2299 1202 2381 Gierig.

128 2374 165 2439 ad
176 2376 251 2435 Plio.
262 2374 343 2432 Libr.
353 2377 401 2434 tx.
418 2397 462 2455 ep.
476 2383 525 2435 22.
554 2377 616 2437 Huc
631 2379 667 2436 de
683 2399 715 2438 re
732 2378 838 2459 dignus
857 2389 903 2436 est
922 2377 973 2457 qui
987 2377 1101 2461 legatur
1114 2380 1202 2440 Auct.

127 2457 203 2518 Dial.
225 2456 261 2515 de
286 2455 380 2515 Oratt.
402 2478 427 2516 c.
450 2462 486 2516 16
508 2468 538 2516 et
561 2463 607 2517 17.
633 2455 685 2518 ubi
705 2464 788 2539 Aper
816 2457 1007 2541 Ciceronem,
1038 2458 1202 2535 Caesarem,

127 2536 276 2610 Caelium,
298 2533 436 2610 Calvum,
458 2538 585 2619 Brutum
608 2551 662 2598 etc.
684 2540 750 2619 quia
770 2551 837 2607 ente
859 2539 1052 2619 principatum
1073 2542 1202 2624 Augusti

122 2616 285 2699 *ilprueriot
311 2629 398 2698 negat
425 2617 488 2678 iure
516 2620 663 2678 accenseri
691 2619 834 2699 antiquis,
867 2621 919 2680 sed
949 2633 1129 2701 repugnante
1154 2622 1201 2682 lo-

126 2698 234 2779 qtiendi
248 2720 304 2761 usu
323 2709 474 2780 nugatum«
509 2698 677 2761 Woichert.
692 2713 784 2781 poett.
801 2701 876 2761 Latt.
893 2699 975 2780 reliq.
989 2724 1018 2781 p.
1035 2708 1082 2760 98.
1098 2715 1201 2789 pnnot.

127 2786 174 2841 11.
215 2779 270 2836 Vd.
291 2779 327 2837 ad
346 2800 390 2859 cp.
414 2785 460 2838 19.
479 2783 564 2860 prior
580 2785 711 2862 populus.
753 2782 805 2843 Sic
831 2782 907 2861 apud
936 2781 1066 2842 Graecos
1089 2788 1203 2866 antiqui

123 2858 320 2934 vocabantur,
342 2859 393 2938 qui
412 2882 507 2939 nsque
529 2861 565 2921 ad
575 2862 775 2945 Aleandrum
795 2862 943 2922 vixerunt.
984 2862 1032 2922 Ad
1047 2886 1094 2924 vv.
1113 2888 1201 2947 quum

124 2942 214 3003 audio
232 2945 366 3023 antiquos,
388 2942 482 3022 suppl.
506 2940 572 3002 dici.

128 3048 130 3053 '
203 3050 242 3093 ar
267 3030 340 3088 rnilri
359 3039 512 3088 versantur
534 3036 605 3089 unte
625 3029 725 3091 oculos
753 3028 854 3089 Ulixoe
873 3036 903 3099 et
924 3010 1051 3107 Nestor]
1092 3028 1201 3110 Ulyxes

124 3111 198 3174 Cod.
219 3113 303 3171 Farn.
324 3111 479 3170 Ede‘Put.
495 3111 563 3171 Ber.
586 3111 788 3194 UlyssesEdd.
804 3109 868 3168 Alc.
883 3130 964 3187 seqq.
988 3109 1089 3169 Ulixes
1106 3108 1200 3171 Codd.

121 3194 186 3255 Par.
206 3192 293 3251 Vind.
314 3190 387 3249 Edd.
408 3192 485 3270 Spir.
500 3191 614 3251 Dronk.
634 3202 767 3262 recentt.,
789 3211 845 3268 qua
858 3189 1003 3268 scriptura
1017 3199 1090 3268 optt.
1106 3187 1200 3250 Codd.
1271 3246 1275 3265 ,
1330 3156 1335 3164 -

122 3275 293 3349 confirmata
312 3272 452 3333 Romanis
480 3285 651 3332 constanter
672 3271 720 3331 usi
740 3270 886 3329 videntur.
914 3267 962 3326 vd.
984 3267 1200 3331 Schneidewin.

120 3357 158 3415 ad
187 3354 267 3433 lbyc.
295 3347 420 3409 Carmm.
444 3351 540 3430 Reliq.
568 3357 678 3432 p,=139
701 3372 744 3429 sq.
767 3350 855 3409 Hess.
884 3358 1040 3407 comment.
1072 3350 1080 3405 l
1104 3360 1134 3407 et
1152 3354 1211 3409 111.-

120 3435 153 3494 in
173 3433 266 3491 Tacit.
286 3429 424 3505 German.
444 3452 488 3510 cp.
510 3437 537 3489 3.
565 3432 714 3492 Eckstein.
736 3427 872 3510 Prolegg.
893 3449 921 3507 p.
942 3432 990 3487 35.
1043 3426 1144 3488 Ulixes
1163 3441 1201 3510 ,εἰ

120 3516 232 3577 Nestor
255 3523 392 3589 tanquam
418 3511 611 3591 antiquissimi
639 3525 669 3572 et
696 3507 855 3587 clarissimi
867 3519 1000 3584 oratores
1021 3529 1199 3571 commemo·
1261 3587 1266 3598 ι

119 3607 233 3665 rantur.
275 3593 322 3651 De
347 3593 475 3651 Nestore
494 3593 545 3658 vd.
567 3595 653 3652 Hom.
665 3590 706 3666 ll.
731 3594 760 3665 1,
780 3593 850 3649 249.
870 3594 918 3648 rori
936 3601 981 3647 καὶ
1007 3590 1061 3649 ἀπὸ
1076 3594 1201 3665 γλώσσης·

119 3684 223 3754 μέλιτος
241 3682 353 3748 γλυκίων
371 3679 428 3749 ῥέεν
447 3675 526 3746 αὐδή.
553 3671 613 3733 Cic.
634 3674 670 3734 dc
690 3674 759 3733 Seu.
783 3675 830 3729 to.
851 3690 890 3728 err
912 3672 973 3727 eius
994 3670 1101 3744 lingon
1115 3675 1199 3736 mello

121 3759 233 3817 dulcior
251 3755 372 3835 fluebat
395 3757 508 3827 oratio,
537 3754 573 3816 ad
595 3775 680 3834 quem
701 3754 757 3837 loc.
778 3751 826 3813 vd.
847 3750 936 3811 Hess.
955 3749 987 3808 in
1007 3751 1083 3811 Edit.
1105 3753 1197 3813 inter-

96 3849 194 3919 pret.
216 3837 320 3895 Gracc.
340 3832 396 3892 Tb.
418 3834 521 3894 Gazae.
971 3867 977 3877 κ

200 3918 323 4007 querum
345 3934 431 3982 aetas
451 3924 530 3982 mille
541 3921 611 4002 fere
630 3934 659 3984 et
677 3921 816 3982 trecentis
837 3912 940 3997 annis]
960 3916 986 3976 E
1002 3914 1095 3995 Codd.
1111 3921 1196 3979 Farn.

119 4006 228 4066 Vaticc.
250 4004 316 4086 (ubi
331 4007 400 4063 utile
417 4004 453 4063 de
468 4007 590 4083 quomd.
609 4006 643 4064 ad
659 4026 702 4084 cp.
718 3999 762 4082 8.)
780 4001 864 4058 Brut.
884 3999 955 4056 Em.
973 4018 1047 4058 recc.
1069 4000 1197 4060 ducentis

121 4083 213 4145 Codd.
228 4086 292 4149 Par.
307 4085 395 4147 vind.
412 4096 480 4145 cett.
498 4085 571 4144 Edd.
587 4097 654 4147 ante
672 4085 768 4154 Broc,
790 4098 864 4159 quae
882 4081 1060 4158 computatio
1074 4082 1195 4162 propius

118 4165 202 4228 abest
221 4164 256 4227 ab
276 4165 442 4229 rationibus
463 4168 624 4247 temporis,
647 4183 736 4245 quum
757 4162 836 4223 inter
857 4158 955 4217 Ulixis
967 4171 1006 4310 pt
1027 4160 1196 4241 Vespasiani
