2970 4808
266 300 310 366 84
592 294 751 380 Dialogus
769 279 1019 358 de'Oratoribne

268 451 362 556 quod
376 449 560 527 timenter?
583 446 687 550 quod,
714 450 817 549 quum
834 446 957 522 cotidie
973 445 1104 549 aliquid
1113 462 1290 546 rogentur,
1313 446 1359 536 ii,

269 552 394 655 quibus
418 566 606 652 praestant,
634 546 877 645 indignantur?
903 546 995 646 quod
1021 546 1146 644 alligati
1163 574 1240 621 com
1264 546 1353 641 adu-

267 652 390 727 latione
420 675 482 721 nec
511 645 757 749 'imperantibus
787 673 937 745 unquam
963 647 1043 719 satis
1079 647 1165 718 servi
1191 644 1354 718 videntur

267 779 329 824 nec
355 748 455 821 nobis
480 746 561 820 satis
587 745 707 825 liberi?
743 772 829 846 quae
861 744 942 819 baec
976 770 1104 818 summa
1139 771 1255 818 eorum
1268 771 1351 915 vpo·

266 846 369 923 tentia
391 849 465 921 est?
499 861 625 919 tontum
654 871 755 946 posse
780 843 891 919 liberti
917 843 1033 917 solent.
1055 887 1058 894 -
1083 842 1142 916 Me
1167 871 1245 915 vero
1298 842 1350 916 ul-

267 976 342 1036 ees,
366 963 403 1020 ut
425 944 588 1043 Virgilius
616 944 680 1034 ait,
713 942 853 1031 Musae,
883 936 1047 1017 remotum
1069 969 1089 1016 a
1114 940 1351 1017 sollicitudini·
1421 1021 1427 1028 ⁸

193 1169 208 1186 „
266 1114 356 1178 elusit
377 1116 455 1197 Rup.
496 1116 543 1176 De
572 1112 681 1195 duplici
701 1131 741 1170 en
771 1108 808 1171 cf.
829 1110 924 1171 Hand.
950 1111 1040 1173 Ture.
1056 1110 1126 1171 Vol.
1145 1106 1166 1170 l
1187 1134 1216 1193 p.
1237 1117 1350 1172 307-

266 1203 336 1266 309.
363 1195 500 1266 Beneck.
517 1196 554 1259 ad
579 1194 681 1258 lustin]
689 1195 808 1270 Xle,
829 1198 857 1253 7.
897 1194 945 1253 De
970 1193 1074 1266 formis
1103 1192 1347 1276 interrogationis

266 1280 361 1343 Hand.
381 1277 438 1339 ll
465 1300 493 1359 p.
515 1279 576 1339 334
597 1299 641 1357 sq.
1002 1282 1005 1283 ⁷
1066 1330 1069 1337 .

296 1394 315 1436 ·.
348 1359 471 1444 quod-
483 1354 691 1439 indignantur]
712 1356 877 1418 Praestare
898 1353 1050 1439 (παρέχειν)
1073 1356 1247 1418 Gronovius
1267 1368 1349 1419 recte

264 1442 411 1503 intellexit
433 1442 470 1502 de
493 1440 657 1501 exhibendo
675 1459 712 1498 eo
731 1458 854 1498 munere
873 1438 920 1498 vel
943 1439 1063 1515 officio,
1092 1440 1173 1518 quod
1193 1451 1348 1522 rogentur.

264 1525 339 1585 Nam
361 1524 458 1583 solent
479 1521 621 1582 beneficia
641 1520 695 1594 iis,
726 1519 777 1599 qui
798 1519 963 1616 accipiunt,
990 1531 1113 1602 propter
1133 1520 1225 1581 varias
1247 1541 1348 1580 causas

264 1606 390 1667 molesta
409 1625 493 1679 esse,
515 1616 551 1663 ut
573 1601 655 1663 :tiam
668 1600 795 1661 doleant
811 1612 842 1660 et
860 1601 1059 1684 indignentur.
1080 1601 1160 1661 Flor.
1179 1607 1230 1675 lv,
1247 1608 1278 1676 2,
1298 1608 1348 1666 92.

266 1687 303 1747 de
323 1685 376 1761 lul.
393 1684 527 1746 Caesare.
569 1685 681 1765 Quippe
699 1681 885 1743 clementiam
904 1687 1040 1766 principis
1062 1686 1126 1743 eicit
1145 1683 1255 1742 inuidia
1273 1704 1349 1758 gra-

267 1773 362 1850 visque
382 1777 449 1827 erut
469 1767 568 1835 liberis
589 1769 653 1847 ipsa
673 1762 874 1844 berreficiornm
892 1770 1032 1846 potentia.
1066 1764 1169 1825 Senes.
1191 1766 1227 1826 dc
1245 1762 1349 1825 Benel'.

265 1853 304 1924 11,
327 1853 364 1908 18
387 1870 432 1927 sq.
451 1847 530 1906 node
549 1845 621 1906 baec
642 1845 783 1927 excerpsi.
827 1846 957 1926 Quidum
978 1869 1036 1907 non
1058 1857 1173 1909 tentum
1201 1847 1274 1906 dent
1297 1848 1348 1907 be-

265 1928 401 2010 neficium
417 1927 558 2010 superbe,
577 1927 632 2007 sed
652 1931 742 1987 etiam
764 1931 914 2009 accipiunt.
957 1924 1031 2005 Cato
1054 1929 1187 1989 Uticens.
1207 1950 1253 2010 ap.
1273 1928 1348 1988 Plu·

265 2011 357 2072 tarcln
380 2009 430 2072 vit.
453 2015 501 2070 66.
541 2011 622 2087 Ἐμοὶ
640 2013 702 2086 γὰρ,
723 2007 803 2077 elnae,
825 2019 849 2068 el
865 2007 1005 2072 σώζεσθαι
1019 2013 1106 2089 χάριτι
1120 2019 1259 2089 Καίσαρος
1270 2015 1348 2087 ἐβου-

265 2097 367 2169 λόμην,
395 2094 467 2168 αὐτῷ
493 2095 631 2167 βαδιστέον
654 2080 689 2164 aiu
716 2093 782 2170 πρὸς
801 2098 897 2151 enno
922 2094 1013 2170 μόνον.
1052 2095 1091 2167 Οὐ
1112 2095 1245 2168 βούλομαι
1263 2098 1291 2153 dt
1312 2095 1349 2169 regi

250 2177 379 2253 ,τυράννῳ
398 2176 478 2252 χάριν
490 2181 561 2244 ἔχειν
578 2175 645 2251 rialp
663 2162 698 2233 oie
712 2187 873 2252 παρανομεῖ·
884 2189 1032 2254 παρανομεῖ
1043 2180 1072 2234 tt
1094 2172 1182 2237 uuilon
1201 2177 1236 2247 oie
1259 2177 1349 2253 κύριος

265 2248 301 2318 eie
317 2258 390 2334 αὐτῷ
408 2252 544 2317 dauno'lw
564 2258 643 2317 oilla
662 2260 797 2336 προςῆκεν.
837 2252 900 2316 Cic.
920 2280 964 2338 pr.
988 2256 1061 2317 Sull.
1084 2279 1128 2338 ep.
1150 2263 1198 2316 26.

350 2340 470 2412 alligati
488 2359 554 2398 cum
576 2335 766 2420 adulatione]
793 2339 872 2398 Haec
894 2338 1031 2419 inusitata
1050 2350 1199 2401 structura
1219 2337 1349 2399 editores

267 2419 411 2489 offendit,
438 2430 473 2479 ut
501 2438 568 2479 eum
596 2433 647 2481 aut
675 2420 831 2492 eicerent,
858 2432 894 2478 ut
919 2420 1020 2480 Oberl.
1039 2431 1079 2495 et
1101 2419 1268 2495 Weikert.,
1297 2430 1350 2479 aut

266 2501 353 2562 uncis
372 2499 576 2576 includerent,
599 2513 634 2561 ut
654 2500 783 2561 Seebod.
804 2501 920 2560 Dronlu
942 2484 1054 2575 Orelli
1077 2513 1127 2561 aut
1147 2486 1348 2577 emeddarent,

266 2595 302 2655 ut
320 2580 487 2666 Schulting.
508 2587 635 2644 omniurn
657 2580 704 2642 vel
726 2583 848 2655 humili,
870 2582 986 2643 Subula.
1008 2586 1086 2642 corni
1105 2582 1151 2643 vel
1172 2582 1350 2657 Caesarem,

266 2663 363 2727 Haud
384 2665 472 2725 Ture.
494 2664 560 2724 Vol.
582 2667 617 2720 H.
638 2684 667 2744 p.
692 2664 758 2730 142.
778 2667 900 2740 ciuium,
928 2663 1077 2741 Ecltstein.
1103 2668 1198 2739 omni,
1226 2662 1274 2723 alii
1294 2661 1349 2721 ali·
1374 2670 1376 2681 '

266 2758 323 2808 ter.
366 2747 480 2820 Osann.
509 2743 640 2805 defendit
669 2762 736 2805 euin
764 2744 877 2807 collatis
904 2745 1002 2806 verbis
1031 2769 1076 2828 cp.
1097 2755 1125 2807 7.
1152 2766 1217 2807 cum
1244 2748 1350 2821 gratia

226 2828 227 2832 ’
270 2832 356 2902 uenit,
377 2825 556 2908 approbante
571 2826 719 2903 boettich.
754 2826 880 2887 Baebius
901 2826 998 2889 locum
1019 2828 1061 2887 sic
1082 2826 1219 2907 expedire
1240 2827 1349 2894 studet,

268 2921 304 2970 ut
324 2929 390 2968 curn
412 2906 583 2966 adulatione
603 2928 665 2967 non
686 2929 753 2967 cnm
781 2908 881 2989 partic.
901 2910 1021 2983 alligati
1045 2909 1166 2990 iungat,
1198 2909 1250 2969 sed
1270 2907 1349 2969 rese·

267 3000 315 3051 rat
332 2989 370 3049 ad
391 2987 542 3069 sequentia
562 2993 638 3048 setis
663 2993 741 3048 serui
762 2989 913 3067 videntur,
941 3002 975 3050 ut
1003 3011 1069 3057 curn
1098 2990 1245 3072 significet
1271 2990 1361 3052 vitae

269 3070 488 3144 conditionem,
517 3069 548 3128 iri
571 3069 627 3150 qua
646 3071 713 3150 quis
734 3083 889 3148 versetur,
917 3070 999 3153 quasi
1020 3072 1091 3133 haee
1111 3072 1167 3154 ipsi
1188 3073 1349 3133 adhaereat.

270 3147 307 3213 cl.
336 3150 428 3212 Hand.
457 3151 546 3214 Tura.
573 3150 643 3213 Vol.
663 3156 697 3211 11.
727 3175 756 3234 p.
779 3155 836 3214 145
858 3175 900 3234 sq.
949 3153 1079 3230 Alligati
1097 3167 1194 3214 autem
1216 3154 1350 3214 absolute

270 3232 362 3305 abeo
384 3229 593 3314 intelliguntur
605 3238 699 3309 serui,
722 3234 772 3313 qui
794 3256 885 3314 quum
908 3248 1007 3296 essent
1027 3234 1148 3296 viliores
1171 3258 1204 3296 ac
1225 3234 1349 3316 nequio-

270 3336 337 3388 res,
359 3312 559 3390 vincirentur,
578 3314 759 3413 *qoib'nscom
774 3317 964 3397 contemptim
984 3328 1191 3400 comparentur
1207 3329 1350 3396 oratores.

270 3394 360 3456 Unde
381 3395 455 3455 banc
476 3408 651 3456 sententiam
677 3396 736 3457 loci
759 3397 925 3459 extricavit:
955 3420 992 3459 an
1018 3399 1050 3459 id
1072 3399 1181 3459 babent
1209 3397 1350 3479 concupi-

236 3501 240 3509 *
272 3477 431 3551 scendum,
455 3478 546 3556 meod,
565 3476 697 3557 quamvis
717 3476 824 3560 alligati
838 3479 897 3538 sint
920 3479 1002 3541 velut
1021 3481 1115 3540 infimi
1137 3480 1233 3554 servi,
1253 3492 1350 3549 tamen
1416 3544 1421 3556 ¹

273 3581 339 3620 cum
359 3557 526 3627 adulatione
546 3557 580 3638 (i.
602 3579 627 3618 e.
648 3558 807 3618 adulationi
825 3559 1028 3644 indulgentes)
1050 3585 1105 3622 nec
1124 3558 1348 3642 imperatoribus

230 3653 232 3658 ’
272 3660 313 3699 nn
337 3661 402 3698 nam
419 3638 494 3699 satis
514 3638 591 3699 servi
612 3661 679 3701 csse
699 3640 906 3702 videnturnec
926 3642 1012 3703 nobis
1031 3644 1100 3705 satis
1114 3640 1221 3702 liberi?
1264 3640 1350 3713 Quae

248 3744 250 3749 ’
273 3663 428 3804 explicatio
453 3740 510 3780 nec
530 3723 607 3803 Rup.
628 3732 683 3782 nec
702 3721 773 3780 mibi
794 3722 905 3804 placet:
934 3726 1054 3799 alligati
1073 3722 1162 3803 semel
1189 3718 1305 3781 Colum.
1325 3723 1350 3795 l,

275 3808 304 3863 9.
333 3801 386 3862 bac
414 3800 511 3882 signif.
534 3801 667 3862 absoluta
694 3803 824 3885 positum
851 3817 904 3865 est.
954 3805 1027 3864 Mihi
1056 3805 1088 3865 in
1114 3813 1241 3863 mentem
1267 3801 1352 3863 venit

274 3886 450 3957 summissa,
472 3881 549 3942 sicot
569 3894 614 3943 est
635 3884 739 3959 Quint.
759 3890 808 3960 XI,
832 3890 859 3959 1,
881 3892 929 3946 30.
949 3884 1272 3960 summisseudulntio.

354 3964 410 4022 Me
428 3983 495 4022 uero
512 3962 629 4040 dulces,
653 3976 685 4024 ut
703 3968 839 4041 Vergilius
859 3972 921 4041 cit,
941 3965 1067 4053 Musae]
1087 3968 1175 4049 Virg.¹
1188 3965 1273 4026 Geor
1294 3965 1352 4044 ‚11,

273 4047 437 4105 tto-76.
478 4045 531 4103 Me
552 4066 618 4104 aero
636 4049 764 4126 primum
785 4047 885 4108 dulces
906 4060 976 4109 onte
996 4055 1096 4110 omnia
1117 4050 1239 4133 Illusue,
1266 3986 1352 4130 διισ-

274 4146 340 4188 rum
360 4144 452 4185 ruera
464 4123 535 4203 sero
553 4128 665 4202 ingenti
679 4149 836 4208 percussus
856 4152 959 4191 amore
978 4133 1145 4214 Accipiunt.
1268 4144 1269 4149 ’

356 4216 500 4270 remotum
528 4226 550 4269 u
574 4209 818 4271 sollicitudinibus
840 4222 870 4274 et
896 4213 995 4301 cuns]
1029 4213 1090 4280 Cic
1110 4215 1187 4299 Epp.
1204 4212 1241 4275 ad
1262 4208 1353 4273 Attis
