2968 4810
254 279 277 339 8
578 272 737 356 Dialogus
759 273 798 334 ds
820 269 1006 333 Oratoribus

255 427 565 517 commodaverat,
591 451 697 526 quum
720 423 906 498 offendisse
928 422 1114 525 potentium
1132 421 1261 494 animos
1282 423 1335 496 di-

256 545 405 614 seretur,
432 543 590 624 tanquam
615 526 652 596 in
678 552 721 597 eo
740 523 933 620 tragoediae
954 536 1150 617 argumento
1174 523 1227 594 sui
1246 521 1336 593 ¹obli-

255 641 311 700 tus
326 618 455 699 tantum
474 624 634 697 Catonem
652 624 848 721 cogitasset,
874 648 980 720 eaque
1001 619 1044 692 de
1068 647 1105 691 re
1129 647 1192 720 per
1216 621 1336 694 urbem

256 723 416 824 frequens
445 732 555 795 sermo
589 721 790 811 haberetur,
824 736 985 792 venerunt
1011 717 1054 790 ad
1091 746 1166 790 eum
1198 721 1336 792 Marcus
1418 738 1432 761 ⁸

213 816 217 825 “
255 823 351 921 Aper
374 837 405 893 et
427 819 531 893 lulius
552 820 751 908 Secundus,
779 818 994 892 celeberrima
1019 833 1089 889 tum
1115 816 1250 914 ingenia
1271 818 1337 890 fori

256 919 396 1007 nostri,·
440 947 501 991 uos
527 949 590 1018 ego
620 920 656 992 in
681 918 817 992 iudiciis
841 945 911 990 non
940 934 1103 1016 utrosque
1133 917 1236 988 modo
1266 937 1337 1016 stu-

156 1004 170 1027 ’
257 1016 353 1091 diosc
368 945 565 1108 audiebam,
592 1012 761 1093 seddon'ni
780 1044 916 1117 quoque
935 1032 967 1088 et
983 1016 1019 1088 in
1036 1013 1174 1114 publico
1193 1032 1338 1088 assecta-

256 1114 321 1190 bar
343 1116 429 1201 mira
453 1118 642 1191 studiorum
666 1116 849 1219 eupiditate
873 1131 904 1186 et
930 1112 1079 1215 quodam
1102 1112 1223 1186 ardore
1246 1115 1336 1187 iuve-

259 1310 308 1369 65.
345 1305 435 1391 Lang.
456 1307 545 1368 Vind.
564 1286 638 1391 lrag.
658 1306 746 1367 Rom.
766 1327 796 1386 p.
819 1306 866 1366 14.
903 1306 950 1366 De
973 1272 1086 1365 Catdue
1108 1304 1263 1381 Uticensi,
1285 1327 1337 1365 cu-

258 1386 305 1447 ius
325 1406 406 1449 mors
429 1389 598 1451 aliomanis
619 1388 703 1449 valde
724 1385 866 1448 celebrata
880 1387 1047 1447 Maternum
1069 1386 1105 1445 ad
1124 1385 1199 1445 banc
1219 1398 1338 1471 tragoe-

259 1467 335 1529 diam
362 1468 544 1531 scribendam
576 1468 693 1552 impulit
720 1467 757 1529 cf.
782 1466 879 1529 Beier.
906 1469 942 1529 ad
972 1466 1034 1531 Cic.
1061 1467 1098 1527 de
1128 1466 1216 1529 offic.
1236 1470 1260 1546 1,
1288 1473 1337 1529 31.

281 1556 368 1612 .239
389 1573 402 1611 s
426 1594 433 1608 .

221 1684 225 1713 e
258 1570 278 1631 P
340 1573 496 1734 ofssridisse
514 1616 676 1735 potentium
697 1649 830 1813 onimop]
868 1648 939 1731 Cap.
961 1655 1008 1711 10.
1030 1671 1087 1731 pro
1110 1650 1222 1711 Catone
1246 1649 1340 1731 ofsen-

260 1735 327 1807 dcs,·
361 1736 401 1796 ib.
426 1740 623 1818 potentiorum
653 1756 742 1795 aures
767 1733 933 1814 oseudore;
959 1753 1004 1814 cp.
1028 1739 1056 1792 6.
1073 1743 1223 1813 pptontes3
1246 1755 1290 1813 ep.
1311 1740 1340 1792 8.

256 1821 455 1898 potentissimi
480 1820 609 1876 ciuitatis
616 1841 626 1889 ,·
652 1827 787 1897 potentes
806 1818 885 1875 Anu.
907 1816 928 1873 1.
949 1820 983 1891 2,
1002 1819 1051 1875 75.
1080 1835 1145 1874 cum
1171 1816 1341 1897 periculosa

257 1903 419 1980 potentium
441 1896 554 1977 offensa
576 1896 682 1974 Quint.
702 1900 739 1975 lt,
759 1904 812 1973 20,
833 1902 863 1956 8.

296 2010 298 2017 ’
337 2011 480 2080 tanquam
497 2039 535 2051 -
548 2005 597 2061 sui
619 2000 726 2060 oblitus
752 2008 868 2059 tantum
891 1997 1033 2057 Catonem
1053 1995 1237 2079 ,cogitassess
1274 1999 1296 2056 l.
1316 2017 1342 2057 e.

259 2092 396 2161 tanquam
418 2082 479 2141 odii
499 2094 529 2142 et
550 2081 692 2163 periculi,
720 2080 802 2161 quod
824 2101 860 2139 ex
880 2078 938 2140 hoc
959 2090 1133 2161 argumento
1162 2079 1217 2138 sibi
1239 2100 1341 2159 nasce·
1429 2108 1433 2115 ·

261 2175 362 2235 retur,
381 2185 485 2243 parom
505 2184 634 2238 memor,
655 2162 751 2223 solum
772 2159 915 2223 Catonem
936 2160 967 2219 in
987 2172 1085 2220 mente
1105 2159 1267 2233 habuisset,
1289 2182 1342 2219 cu-

261 2241 308 2303 ius
328 2244 501 2303 acerrimum
522 2243 664 2303 libertatis
682 2243 831 2315 studium,
852 2264 942 2322 quum
963 2242 1000 2301 ad
1019 2263 1112 2301 unum
1134 2242 1230 2309 omnia
1251 2241 1344 2302 delata

262 2337 380 2401 esseut,
418 2324 589 2405 potentibus
621 2337 744 2385 civitatis
773 2346 901 2384 ruvtsum
926 2334 997 2383 erat.
1047 2322 1198 2405 Castrare,
1216 2323 1344 2403 aliquem

262 2405 363 2487 Agris.
384 2427 430 2486 cp.
449 2413 497 2466 32.
525 2406 600 2466 Ptin.
622 2406 696 2486 Eppss
716 2408 768 2480 Vl,
788 2411 841 2481 31,
864 2412 910 2467 13.
941 2403 1021 2465 Flor.
1041 2406 1079 2482 11,
1100 2411 1130 2481 8,
1151 2412 1180 2466 2.
1201 2436 1242 2452 -
1280 2405 1363 2465 Pro.

262 2488 423 2548 baberetur
442 2484 516 2548 Cod.
535 2488 621 2546 Farn.
641 2488 776 2546 babetur.
1120 2487 1124 2494 ’

346 2590 538 2650 celeberrimo
559 2599 620 2649 tum
641 2592 760 2666 ingenia
776 2587 858 2671 sori]
888 2590 935 2650 De
957 2589 1055 2671 signif.
1078 2589 1210 2650 adieetiv.
1230 2588 1346 2671 celeber

265 2671 302 2732 cf.
317 2671 531 2752 Stuerenburg.
549 2670 585 2730 ad
606 2668 668 2731 Cic.
691 2692 737 2750 pr.
758 2670 849 2730 Arcb.
870 2692 914 2751 cp.
935 2677 964 2731 3.
984 2695 1013 2752 p.
1033 2674 1084 2732 to.
1104 2672 1159 2731 Ea
1182 2675 1270 2730 1832.
1290 2689 1346 2731 nec

265 2752 293 2812 b.
315 2753 333 2812 l.
354 2753 516 2812 immemor.
551 2752 701 2826 Ingenium
714 2748 782 2831 fori
795 2772 850 2832 pro
869 2763 986 2812 oratore
1005 2751 1184 2834 vituperavit
1197 2750 1346 2817 Eekstein.
1372 2768 1377 2777 ·

264 2834 374 2917 Proleg
395 2878 401 2892 .
422 2856 450 2915 p.
472 2836 536 2905 74„
564 2845 598 2893 ut
618 2856 662 2915 cp.
684 2839 712 2894 3.
733 2836 813 2893 intro
834 2854 955 2909 monus,
983 2834 1218 2915 apprehendero,
1248 2841 1349 2893 matu·

266 2935 337 2977 raro
350 2856 481 2995 fisano,-
512 2935 558 2993 cp.
577 2918 608 2974 4.
629 2920 659 2974 in
682 2915 917 2975 consuetudinem
935 2921 1035 2985 sertit,·
1066 2938 1110 2997 cp.
1132 2920 1160 2976 5.
1181 2915 1348 2974 substantia

258 2992 459 3074 facultatum
484 3017 528 3074 cp.
554 3001 601 3055 11.
622 2998 787 3078 eloquentia
807 2999 1005 3070 sanguinari&
1025 3018 1070 3077 cp.
1088 3003 1134 3058 17.
1155 3008 1271 3055 sextam
1292 2996 1348 3053 ltu·
1441 2989 1447 2996 ’

267 3079 313 3136 ius
330 3082 514 3159 principatus
534 3080 709 3155 notionem,-
738 3099 783 3158 cp.
800 3084 849 3137 20.
880 3080 1001 3156 imposta
1021 3082 1202 3160 centipedam·
1233 3098 1277 3158 cp.
1298 3083 1346 3137 22.

269 3159 394 3228 «Παπίας
416 3180 460 3240 cp.
484 3161 533 3216 31.
555 3158 674 3219 dicendi
689 3180 781 3237 genus
801 3159 963 3217 collectum.

346 3253 500 3337 utrosque]
522 3254 669 3317 Pluralem
690 3276 747 3338 pro
769 3254 921 3337 singulari,
942 3276 1033 3334 quum
1052 3255 1088 3315 de
1112 3254 1233 3327 duobus
1249 3272 1348 3314 sermo

270 3333 326 3410 sit,
346 3333 381 3394 ab
403 3336 521 3415 optimis
544 3336 738 3419 scriptoribus
761 3335 917 3418 usurpari,
938 3335 1024 3396 etiam
1044 3357 1060 3395 a
1080 3334 1225 3398 Cicerone
1246 3356 1348 3415 quam-

269 3416 315 3497 uis
336 3417 553 3479 contradicente
569 3422 692 3498 Zumpt.
716 3419 770 3478 Gr.
788 3418 816 3500 §.
840 3420 907 3478 141.
929 3418 967 3478 Ν.
982 3424 1028 3493 2.,
1049 3415 1125 3478 bene
1145 3417 1247 3478 docuit
1267 3410 1350 3475 Kritz

271 3497 306 3559 ad
328 3496 444 3557 Sallust.
463 3496 548 3559 Catil.
570 3520 615 3579 cp.
637 3506 705 3576 30.,
736 3498 862 3559 asserens
883 3497 1014 3579 exempla
1034 3518 1050 3559 e
1070 3499 1162 3558 Tacit.
1183 3501 1259 3571 Anu.
1281 3497 1349 3570 XV,

271 3581 321 3638 55.
341 3578 422 3651 XVI,
444 3583 471 3636 7.
494 3583 541 3638 11.
561 3587 630 3654 21.,
657 3590 689 3639 et
713 3579 833 3643 Ramsb.
862 3579 916 3639 Gr.
945 3578 973 3661 ᾖ.
998 3584 1065 3639 157.
1091 3580 1161 3637 Not.
1183 3583 1210 3633 7.
1240 3573 1350 3655 Reisig.

273 3657 389 3717 Vorles.
408 3657 458 3719 iib.
476 3659 538 3718 Lat.
559 3658 892 3743 Sprachwissensch.·§.
915 3665 982 3719 193.
1003 3670 1034 3717 et
1056 3659 1141 3716 Haas.
1162 3666 1262 3715 annot.
1280 3660 1350 3716 337.

352 3753 542 3835 assectatur]
565 3755 737 3816 ..Asseotari
747 3755 809 3815 iere
825 3755 964 3814 dicuntur
979 3752 1154 3828 inferiores,
1176 3752 1226 3833 qui
1244 3763 1351 3831 poten·

273 3830 366 3892 tiores
383 3833 412 3892 in
430 3833 555 3911 comitia,
577 3838 699 3912 curiam,
720 3835 819 3895 forum
835 3836 1013 3914 domumque
1030 3835 1189 3910 deducunt,
1207 3832 1289 3893 omni
1305 3831 1352 3892 of·

197 3916 205 3944 ‘
274 3913 409 3974 liciorum
428 3936 535 3996 genere
554 3918 681 3980 colunt«
719 3915 839 3977 Ruhnk.
860 3914 960 3977 Schol.
981 3917 1017 3977 ad
1038 3917 1121 3977 Suet.
1144 3914 1226 3977 Caes.
1242 3935 1286 3994 cp.
1306 3918 1352 3975 19.

275 4015 304 4075 p.
325 3997 457 4056 stadt.
479 3998 605 4063 lloeder.
625 4000 662 4060 ad
680 3999 786 4058 Horat.
806 3999 867 4059 Sat.
886 3999 910 4069 1,
931 4003 962 4074 9,
984 4003 1012 4057 6.
1049 3997 1164 4078 Dialog.
1185 4017 1229 4077 cp.
1251 4001 1281 4056 9.
1302 3995 1354 4055 ds·

243 4137 248 4148 ,
275 4075 404 4135 ducit-
424 4079 538 4139 salutat
552 4096 592 4129 ¹-
604 4083 793 4162 prosequitur
821 4078 943 4162 (quibus
972 4080 1071 4140 verbis
1101 4078 1284 4160 respondent
1302 4094 1355 4153 stt-

278 4158 392 4216 Iiltatol'
399 4192 439 4210 .-
452 4159 596 4222 &ductor
609 4198 648 4211 *-
667 4172 836 4227 mactator
858 4162 897 4238 Q·
914 4158 977 4225 Cic·
989 4162 1027 4225 dfl
1044 4160 1128 4249 petit·
1146 4180 1229 4224 110113·
1246 4179 1292 4243 cp·
1305 4155 1355 4240 9⁸)
