2968 4810
533 330 544 349 .
625 278 702 361 Cup.
726 280 791 342 ΙΙ..
1215 287 1237 347 9

156 430 236 517 uili,
267 445 306 501 ut
330 427 463 502 fabulas
492 456 628 544 quoque
656 436 772 504 eorum
797 445 830 503 et
857 428 1100 532 disputationes
1125 452 1237 510 etar-

158 557 240 602 cana
264 546 409 601 semotae
430 527 585 601 dictionis
607 530 742 630 penitus
762 528 965 630 exciperem,
991 535 1144 631 quamvis
1162 542 1238 609 ¹ma-

157 627 248 725 ligue
274 627 427 728 plerique
452 628 670 728 opinarentur
696 650 759 703 nec
775 629 931 702 Secundo
950 650 1237 734 proruptumesse

158 808 188 858 et
207 818 252 877 cp.
273 799 323 856 st.
344 798 508 871 sectari-
523 800 669 877 prosequi.
706 798 743 856 H.
764 796 782 857 l.
810 803 957 858 assectari
982 800 1001 860 i.
1031 823 1058 881 q.
1088 802 1238 865 assiduum

157 899 223 940 esse
245 900 312 938 cum
335 877 449 957 aliquo,
471 890 505 937 ut
526 889 692 937 assectator
714 878 750 939 de
772 876 890 961 assiduo
913 882 1037 957 comite,
1060 883 1216 965 discipulo.

236 973 379 1056 fabulas]
409 975 525 1034 Fabula
546 974 654 1056 (λόγος)
674 972 693 1032 i.
715 997 743 1054 q.
764 975 979 1053 confabulatio,
999 1001 1115 1054 sermo,
1138 982 1188 1062 qui
1203 982 1238 1040 fit

156 1056 295 1138 privatim
314 1057 393 1115 inter
410 1055 525 1136 aliquos
545 1058 580 1116 de
601 1055 690 1116 rebus
709 1056 785 1115 uitae
805 1059 987 1131 communis,
1007 1073 1043 1119 ut
1059 1062 1174 1143 Dialog.
1193 1085 1237 1143 cp.
1260 1120 1263 1129 s

157 1145 210 1200 29.
238 1139 316 1197 Anu.
338 1140 390 1212 Vl,
411 1143 457 1208 5.,·
487 1159 544 1218 qua
565 1137 778 1218 significatione
798 1159 814 1196 a
836 1140 1029 1219 scriptoribus
1050 1143 1238 1224 potissimum

159 1230 313 1303 argenteae
342 1219 443 1278 aetatis
472 1231 646 1299 usurpatum
675 1218 808 1279 videturz
835 1221 883 1280 vd.
906 1222 1051 1282 Boetticb.
1078 1225 1148 1283 Lex.
1169 1227 1237 1285 Tac.

160 1324 185 1360 s.
207 1323 237 1362 r.
265 1300 411 1360 Schaefer.
437 1301 472 1361 ad
499 1300 574 1359 Plin.
594 1302 669 1379 Epp.
690 1300 713 1373 l,
736 1306 784 1372 13,
807 1307 835 1358 2.
875 1304 1031 1364 Sermones
1058 1325 1074 1363 a
1104 1306 1238 1388 disputa-

158 1386 239 1442 tione
257 1382 460 1463 distinguntur
481 1378 543 1441 Cic.
558 1381 601 1441 ‘de
622 1382 704 1440 Orat.
724 1383 775 1456 lll,
797 1387 847 1456 55,
870 1389 940 1443 211.

244 1477 472 1563 disputationes]
496 1479 688 1559 Disputatio,
711 1477 913 1556 quaeratione
934 1491 963 1540 et
983 1480 1028 1541 via
1045 1482 1096 1556 fit,
1117 1484 1238 1565 proprie
1265 1500 1281 1591 q

158 1572 207 1622 est
231 1560 477 1641 philosophorum
503 1561 534 1619 in
562 1559 722 1619 contrarias
750 1571 862 1641 partes,
879 1561 1103 1637 disserentium,
1134 1565 1239 1625 deiude

160 1663 282 1717 eurum,
306 1642 357 1720 qui
377 1653 509 1701 accurate
531 1653 560 1700 et
582 1634 743 1699 rationibus
767 1641 939 1720 conquisitis
964 1644 1000 1703 de
1020 1644 1109 1704 rebus
1131 1646 1166 1704 ad
1189 1644 1239 1704 tit-

157 1735 236 1783 tcras
265 1734 400 1802 artesque
430 1722 628 1802 spectantibus
660 1742 809 1781 sermones
833 1722 996 1783 babent-
1018 1726 1239 1788 wissenscball-

158 1803 236 1866 liobe
256 1804 515 1886 Unterredungen.
553 1803 692 1862 Doederl.
711 1804 774 1862 Lat.
795 1805 868 1885 Syn.
891 1805 957 1864 Vol.
979 1808 1028 1864 lV.
1050 1828 1079 1887 p.
1102 1812 1149 1867 19.
1242 1866 1244 1869 .

231 1913 347 1952 arcana
358 1900 490 1951 mutulae
502 1887 655 1970 diationis]
677 1890 780 1949 Genus
796 1890 912 1949 dicendi
925 1892 1029 1951 Tacito
1042 1892 1159 1972 quidem
1174 1893 1238 1952 usi-

158 1973 355 2047 tatissimum,
375 1993 430 2052 pro
450 1970 641 2032 substantivis
660 1971 804 2032 adiectiva'
820 1984 927 2031 neutro
953 1972 1090 2055 singular.
1104 1987 1155 2033 aut
1173 1974 1240 2054 plu.

55 2115 60 2122 ,
159 2054 211 2114 ral.
240 2076 307 2115 cum
334 2054 466 2136 genitivu
492 2052 743 2113 substantivorum
764 2051 979 2134 coniungendi:
1007 2056 1161 2115 obscurum
1185 2077 1239 2115 no·

161 2140 217 2195 etis
244 2135 323 2195 Hist.
344 2138 380 2209 ll,
402 2138 464 2207 14.;
502 2145 630 2209 angusta
658 2144 686 2192 et
712 2134 826 2193 lubrica
852 2138 965 2194 riarum
993 2128 1070 2195 Hist.
1092 2139 1142 2211 lll,
1173 2145 1238 2209 82,

163 2217 281 2276 occulta
309 2218 438 2277 sonuum
465 2218 542 2276 Anu.
564 2218 586 2291 l,
608 2220 656 2274 61.
686 2216 733 2274 vd.
761 2215 860 2274 Boett.
888 2218 958 2275 Lex.
988 2218 1056 2277 Tac.
1084 2239 1113 2299 p.
1134 2221 1240 2297 disq.
1276 2212 1281 2217 ’

163 2297 223 2357 Sed
251 2298 279 2358 b.
305 2297 323 2355 l.
353 2318 495 2357 areanum
523 2309 568 2357 est
597 2295 831 2369 substantivum,
862 2318 917 2375 qua
947 2298 1069 2359 notione
1099 2319 1159 2358 non
1189 2321 1240 2358 so·

161 2376 223 2438 lum
242 2379 318 2460 apud
337 2368 489 2453 Tacitum,
518 2378 570 2438 sed
590 2378 675 2437 etiam
696 2377 772 2457 apud
793 2390 912 2517 poetas,
934 2378 1010 2458 apud
1030 2379 1158 2455 Livium,
1177 2380 1239 2441 Pli-

160 2459 259 2537 nium,
282 2459 417 2521 Curtium
436 2461 586 2540 reperitur
605 2460 652 2519 vd.
673 2459 791 2519 Boettic
813 2503 820 2517 .
841 2460 911 2521 Lex.
932 2462 999 2519 Tae
1024 2483 1047 2521 s.
1068 2483 1096 2521 v.
1115 2498 1156 2510 -
1185 2463 1239 2520 Sa·
1293 2530 1297 2535 ¹
1332 2531 1335 2536 .

161 2552 256 2601 motus
277 2541 295 2601 i.
314 2564 341 2626 q.
365 2544 496 2601 secretus
517 2563 533 2600 a
552 2540 643 2622 vulgo
664 2552 694 2600 et
712 2539 848 2621 privatim
866 2540 945 2601 domi
960 2540 1076 2602 habitus
1098 2542 1146 2602 vd.
1165 2545 1241 2603 For-

161 2622 224 2682 cell.
246 2645 269 2682 s.
287 2645 315 2681 v.
333 2657 375 2667 -
402 2622 504 2682 Dietio
525 2621 544 2681 i.
566 2644 594 2701 q.
616 2642 730 2693 sermo,
751 2634 785 2680 ut
806 2643 850 2701 cp.
873 2624 921 2683 34.
961 2621 1088 2682 Arcano
1107 2635 1239 2684 semotae

162 2702 297 2762 dictionis
325 2702 507 2784 interpretor
540 2724 692 2762 sermones
717 2702 870 2762 familiares
899 2714 929 2763 et
959 2704 1154 2784 domesticos,
1192 2726 1241 2767 re·

160 2796 258 2845 motos
273 2806 290 2844 a
304 2785 409 2844 notitia
423 2784 523 2865 vulgi,
544 2784 595 2863 qui
615 2783 651 2842 ab
671 2783 769 2843 amicis
790 2785 825 2845 de
845 2784 934 2845 rebus
954 2785 1134 2868 gravissimis
1155 2808 1241 2867 aper-

160 2865 219 2925 tius
242 2877 271 2925 et
288 2866 426 2964 pudacius
447 2865 717 2949 proferunturqde
737 2865 844 2946 quibus
865 2866 921 2927 sub
941 2867 1170 2947 Imperatoribus
1189 2889 1240 2948 pa-

162 2945 219 3007 lam
240 2947 337 3006 dicere
355 2968 417 3006 non
436 2946 551 3007 licebat.
1271 3018 1274 3027 1

239 3038 356 3113 penitus
376 3030 574 3173 corriperem]b
589 3030 738 3114 Excipere
760 3053 922 3093 sermonem
951 3053 995 3112 cp.
1019 3036 1066 3093 15.
1092 3053 1242 3101 sermones

161 3133 206 3193 ep.
232 3119 282 3174 29.
326 3114 474 3196 Excipere
502 3135 556 3173 rer
576 3134 592 3173 a
614 3147 654 3160 -
676 3114 834 3175 sententias
870 3113 991 3173 alicuius
1023 3114 1168 3196 significat
1196 3128 1240 3174 at·

161 3206 244 3256 tente
274 3207 305 3254 et
333 3216 400 3255 curn
430 3195 528 3254 studio
557 3194 658 3254 audire
681 3230 719 3241 -
741 3193 860 3257 auribus
881 3193 1034 3275 percipere
1054 3196 1101 3255 vd.
1123 3195 1184 3255 Cic.
1206 3195 1243 3256 de

162 3275 246 3335 Orat.
275 3277 312 3349 lt,
341 3280 392 3347 35,
426 3278 510 3350 tls,
543 3279 651 3334 animis
679 3279 800 3334 attentis
829 3295 894 3334 eae.
928 3275 1048 3333 Orator.
1081 3280 1133 3349 58,
1163 3281 1242 3350 197,

162 3357 340 3494 ἷὲἱόἰεεῐιηίε
360 3355 482 3415 auribus
506 3354 581 3415 Plin.
601 3352 751 3436 Epp'lV,
773 3359 819 3415 19.
841 3360 869 3413 3.
905 3355 1004 3415 Brem.
1024 3354 1061 3415 ad
1080 3355 1165 3416 Suet.
1187 3353 1241 3415 Ti-

201 3456 226 3492 r.
246 3439 296 3494 21.

242 3517 375 3598 quamuis
394 3516 522 3591 maligne
539 3516 670 3596 plerique
690 3513 898 3598 opinarentur]
937 3515 983 3576 De
1005 3514 1103 3600 signif.
1125 3536 1154 3575 v.
1176 3537 1243 3576 rno-
1272 3544 1274 3553 ,

161 3597 240 3671 lique
268 3597 304 3657 cf.
332 3595 399 3656 infr.
426 3596 461 3657 ad
490 3618 534 3677 cp.
564 3601 610 3657 15.
658 3597 798 3679 Plerique
821 3597 840 3657 i.
862 3620 889 3677 q.
919 3596 1023 3672 multi,
1051 3616 1137 3676 saepe
1166 3597 1244 3678 apud
1288 3652 1297 3671 ,

161 3677 255 3739 Tacit.
282 3679 330 3738 vd.
356 3676 478 3739 Waleh.
499 3678 534 3737 ad
555 3676 654 3760 Agris.
683 3682 918 3760 cp.2.p.108.
951 3700 995 3759 cp.
1018 3683 1064 3739 16.
1085 3683 1135 3739 43.
1172 3678 1243 3741 Dia·

162 3758 221 3842 log.
243 3781 286 3841 cp.
311 3765 358 3819 17.
398 3758 546 3818 Boetticb.
566 3760 634 3818 Lex.
656 3761 725 3821 Tac.
746 3782 769 3820 s.
790 3782 819 3821 v.
855 3759 979 3820 Paldam.
1000 3760 1042 3819 ad>
1055 3760 1138 3820 Suet.
1159 3758 1242 3823 Caes.

163 3861 207 3921 cp.
229 3846 277 3901 59.
308 3840 413 3915 Quint.
434 3841 474 3915 X,
497 3845 531 3925 1,
546 3846 596 3900 26.
622 3841 758 3902 Frotsclr.
778 3841 843 3903 Liv.
864 3842 946 3915 Xlll,
966 3847 994 3916 1,
1018 3844 1044 3900 1.
1066 3839 1136 3919 ibiq.
1157 3842 1242 3902 Fabr.

162 3922 208 3982 De
229 3922 396 3982 discrimine
415 3921 494 3980 iuter
508 3942 557 3983 vr.
570 3922 703 4005 plerique
725 3935 754 3983 et
770 3925 893 4004 plurimi
908 3921 958 3982 vd.
971 3922 1083 3982 llaehn.
1097 3923 1134 3982 ad
1151 3921 1243 3984 Corn.

21 4012 23 4016 '
79 4060 84 4063 .
161 4001 236 4083 Nep.
257 4002 347 4084 prael.
366 4037 405 4052 -
442 4002 568 4083 Opinon
587 4002 606 4061 i.
628 4024 656 4082 q.
676 4004 777 4086 loqui,
809 4024 865 4084 qua
887 4002 984 4086 signif.
1003 4025 1021 4064 a
1041 4004 1187 4066 Suetonio
1212 4004 1245 4065 id
1296 4074 1300 4081 ¹

162 4081 343 4164 frequentari
362 4084 450 4145 docet
469 4082 586 4149 Rubnls.
609 4084 709 4146 Sahal.
732 4086 768 4147 ad
789 4084 904 4153 Caesar.
926 4090 975 4146 66.

244 4186 298 4227 nea
317 4163 454 4229 Secundo
472 4175 642 4247 proruptum
655 4186 903 4257 assentationem
923 4176 952 4227 et
963 4163 1097 4247 Aprum]
1117 4166 1164 4231 De
1179 4164 1245 4251 fora
1336 4163 1348 4170 “
