2928 4810
404 320 407 325 .
486 226 788 362 jcapsxuxaa.
979 243 1018 337 ,’
1116 252 1184 328 aas
1310 357 1317 364 Ι

101 435 162 494 est
196 395 484 520 Gn.‘anpeium
517 435 550 494 et
574 420 739 495 Marcum
758 417 921 495 Crassum
955 442 1024 492 nou
1053 392 1183 496 ritihus

103 591 180 652 Ill).
203 586 355 652 sententiis
375 578 448 649 mihi
465 578 588 650 maxime
607 588 756 670 probanda
776 587 895 676 videtur
915 588 1031 675 Meyeri
1043 586 1081 651 vet
1101 592 1184 652 We-

106 671 272 735 stermanni
287 670 443 747 sententia,
463 693 523 751 qua
539 671 620 732 Asta
637 671 746 754 accipio
762 671 799 732 de
814 671 977 743 actionibus
995 683 1066 733 vett.
1081 685 1184 751 urata,

106 777 185 837 quas
213 753 322 834 pariter
347 766 435 834 atquc
463 753 606 819 clarorum
629 754 763 814 virorum
783 752 921 834 epistolas
949 775 968 815 e
996 754 1181 836 bibliothecis

106 836 343 917 antiquariorum
361 846 523 918 protractas
542 835 574 897 in
593 835 1065 920 angustum‘redegit‘lllueianus.
1178 886 1180 889 .

131 935 136 942 '
187 933 248 993 ·Cn.
274 933 446 1015 Pompeium
474 943 504 995 st
536 935 672 995 Marsum
700 932 868 1018 Crassum]
899 936 967 996 Tac.
996 933 1081 995 Anu.x
1104 938 1126 1010 l,
1156 939 1185 996 l.

105 1014 251 1099 Pompeii
270 1014 425 1096 Crassique
445 1020 585 1098 potentia.
626 1016 677 1077 Cn.
698 1017 771 1079 Pom
792 1020 872 1090 cias,
892 1028 977 1076 natus
998 1021 1066 1083 648.
1089 1020 1127 1076 U.
1149 1015 1183 1079 (L
1214 1079 1218 1086 ,

106 1098 190 1179 prid.
207 1095 270 1161 Cal.
291 1092 433 1172 Octobr,
459 1099 499 1159 oh
527 1120 575 1161 res
602 1097 634 1158 in
658 1097 736 1159 hello
756 1040 889 1165 (hunam
909 1110 939 1159 et
958 1096 1080 1160 Sullano
1099 1116 1184 1180 praa·

108 1179 193 1240 clare
211 1191 313 1262 gestas*
327 1182 452 1263 Magnus
471 1193 502 1242 et
521 1183 682 1261 imperator
701 1179 810 1242 aSulla
828 1180 943 1256 haus,
964 1180 995 1242 iu
1015 1181 1187 1262 Hispaniam

134 1261 277 1323 roconsul
303 1262 409 1323 missus
432 1267 617 1323 ora-682.
668 1263 833 1329 Sertorium
860 1262 986 1342 indeque
1017 1264 1110 1323 redux
1135 1284 1185 1324 re·

108 1285 220 1424 liquias
234 1344 389 1404 exercitus
415 1343 545 1425 Spartaci
566 1350 634 1404 683.
653 1344 770 1405 devicit.
798 1341 911 1406 Consul
933 1347 1001 1405 694.
1023 1365 1060 1407 ex
1086 1345 1188 1426 equite
1342 1406 1344 1413 ,

112 1428 337 1488 Romano'autc
353 1439 536 1507 quaesturam
555 1438 665 1508 gestam
686 1448 752 1488 cum
771 1427 812 1485 hl.
833 1423 960 1502 Crasso,
979 1447 1107 1508 quocum
1126 1427 1186 1503 ini·
1280 1482 1282 1487 .

112 1508 239 1569 micitias
259 1508 298 1569 oh
318 1507 434 1569 hellum'
448 1507 554 1569 servile
581 1507 706 1568 leliciter
728 1505 915 1589 profligatum
932 1507 1101 1581 exercebat,
1129 1509 1186 1567 tri-

112 1589 260 1650 buniciam
301 1602 453 1651 otestatem
473 1613 491 1651 a
512 1587 593 1649 Sulla
613 1590 787 1650 deminutam
817 1589 953 1649 restitth
995 1589 1074 1671 Lege
1094 1590 1187 1650 Gahi-
1278 1648 1280 1657 ,

111 1671 163 1732 mia
190 1671 217 1733 ei
241 1613 363 1733 hellum‘
387 1674 526 1735 adversus
555 1672 661 1753 piratas
695 1679 764 1732 687.
786 1672 883 1736 datum
899 1683 970 1745 est,
998 1664 1108 1732 hellam
1128 1673 1185 1732 Mi·
1218 1678 1220 1683 ⁴
1260 1701 1272 1717 a

96 1751 302 1815 strumosum
337 1754 401 1838 lege
435 1755 552 1816 Manilia
580 1761 665 1829 688,
702 1752 732 1813 in
761 1774 821 1834 quo
847 1752 945 1813 victor
971 1752 1185 1838 Hierosolymis

112 1836 676 1981 ι»
710 1834 1186 1985 stracti-aruns
1239 1914 1246 1935 2

117 2000 190 2063 Asia
216 2013 248 2060 et
273 2003 380 2062 Ponto.
420 1942 689 2064 Triumuirpfaetns
718 1940 764 2060 egat
792 2021 857 2059 eum
885 1939 918 2060 h.
940 1998 993 2059 lul.
1013 1941 1136 2081 Caeiarc
1156 1959 1188 2061 el

117 2082 160 2141 M.
179 2081 272 2159 Licin.
294 2082 402 2145 Crasso
422 2088 490 2146 694.
531 2087 561 2145 ln
582 2081 712 2143 secundo
731 2081 882 2142 consulatu
904 2086 974 2142 699
992 2082 1188 2163 exquisitissi-

117 2164 174 2223 mis
195 2165 544 2247 magnificentissimosque
569 2164 664 2225 omnis
691 2164 806 2247 generis
829 2162 904 2223 ludis
932 2163 1078 2225 theatrum
1105 2163 1188 2224 dedi-

100 2245 198 2307 'cavit
212 2258 246 2307 et
263 2247 356 2344 legem
375 2248 550 2311 iudiciariam
566 2245 779 2330 promulgavit,
799 2256 833 2305 ut
847 2243 1025 2327 amplissimo
1043 2267 1080 2307 es
1097 2246 1189 2307 censa

67 2396 69 2405 .
118 2347 157 2388 eu
177 2329 318 2390 centurius
339 2326 423 2405 aliter
450 2353 534 2412 quam
562 2341 646 2390 autea
673 2319 746 2389 lecti
767 2327 877 2388 inrlices
905 2348 996 2407 aeque
1013 2338 1119 2402 ¹tamen
1151 2349 1189 2388 er
1264 2394 1266 2401 .

118 2400 178 2470 illis
214 2409 310 2472 trihus
338 2411 490 2475 ordinibus
525 2413 662 2494 (senatu,
699 2409 865 2490 equitibus,
901 2397 1034 2469 tribunis¹
1055 2409 1189 2491 aerariis)

120 2510 168 2552 res
186 2491 357 2554 iudicarant.
397 2497 430 2555 ln
449 2494 539 2555 tertio
565 2491 720 2554 cousulatn'
739 2498 807 2553 702.
834 2487 903 2550 tulit
927 2488 1006 2573 leges
1034 2488 1071 2552 de
1098 2490 1129 2552 ri
1158 2502 1190 2575 et

121 2573 239 2638 ambitu.
253 2587 283 2636 et
303 2577 422 2637 modum
441 2576 556 2639 dicendi
576 2575 608 2635 in
628 2572 742 2634 iudiciis
767 2571 901 2639 astrinxit
919 2571 1117 2655 imposuitque
1137 2592 1191 2635 ve·

121 2655 169 2717 lut
193 2656 376 2737 eloquentiae
401 2659 501 2721 frenos
521 2658 569 2719 vd.
590 2655 664 2717 Dial.
685 2662 734 2717 38.
774 2653 859 2714 Bello
880 2653 959 2716 cirili
979 2675 1046 2715 cum
1066 2654 1191 2716 Caesare

121 2751 228 2804 exorto
250 2744 317 2801 705.
345 2741 375 2801 in
399 2741 513 2823 proelio
536 2740 575 2801 ad
603 2738 770 2800 Pharsalum
791 2743 859 2804 796.
887 2736 1017 2797 devictus
1037 2735 1067 2799 in
1087 2738 1132 2798 Aa
1173 2762 1197 2786 -’

120 2831 203 2902 ptum
223 2821 356 2905 assurgit,
375 2822 427 2883 uhi
446 2823 481 2884 ah
503 2821 616 2883 Achilla
633 2833 663 2882 et
683 2819 826 2901 Septimio
849 2841 902 2900 per
928 2818 1046 2879 insidias
1067 2817 1144 2880 inter
1156 2841 1190 2881 e-

123 2913 188 2965 etus
208 2915 261 2964 est.
302 2906 330 2964 Α
350 2904 432 2964 ιιιιΙΙο
451 2906 596 2988 scriptore
614 2905 749 2964 Romano
767 2900 926 2961 maioribus
946 2898 1079 2961 laudibus
1097 2901 1191 2965 clatus

115 2998 169 3061 ,est
188 3007 272 3069 quam
290 3008 306 3045 a
326 2985 488 3063 Cicerone,
510 2987 663 3070 praecipue
681 2987 711 3044 in
734 3004 779 3044 or.
795 2984 831 3043 de
851 2982 974 3064 imperio
993 2984 1114 3064 Pomp,
1138 2982 1190 3064 qui

97 3082 100 3087 '
122 3065 342 3130 familiarissime
363 3090 399 3130 eo
421 3092 500 3133 vassius
518 3069 590 3130 iuris
613 3066 740 3149 publici,
768 3064 860 3125 moris
880 3063 1041 3137 maiorum,
1068 3066 1112 3125 rei
1135 3087 1193 3146 pu·
1229 3117 1233 3125 .
1255 3128 1259 3140 ,

124 3147 215 3208 blicae
242 3149 468 3231 peritissimum,
502 3151 668 3233 integrum,
693 3159 823 3222 castum,
858 3167 978 3235 gravem*
1000 3145 1096 3206 virum
1125 3167 1192 3207 eum

24 3346 34 3365 s
127 3229 315 3393 scutit..
336 3229 749 3376 strictitatem
765 3230 953 3370 hirst.
968 3250 1028 3370 a.
1045 3227 1221 3391 litu

129 3399 188 3453 388
203 3414 245 3472 sq.
287 3392 463 3475 Eloquentia
489 3416 551 3454 non
570 3392 693 3454 multum
712 3389 822 3466 valuit,
851 3390 903 3452 sed
924 3390 1091 3467 orationes,
1121 3412 1193 3472 quas
1222 3454 1231 3479 1

39 3548 42 3557 ,
128 3473 273 3536 interdum
288 3475 399 3553 hahuit,
416 3490 469 3538 aut
481 3476 587 3539 Cicero
606 3487 656 3536 ant
676 3473 790 3534 Sestius
811 3471 838 3533 ei
857 3470 1078 3554 conscripserat
1114 3476 1194 3535 ltaro
1207 3498 1261 3559 Α

84 3560 87 3565 ’
130 3576 243 3618 caussas
264 3558 360 3640 egisse
386 3560 504 3622 uidetur
522 3582 551 3620 v.
569 3554 838 3636 stannatum·
859 3577 875 3615 c
897 3599 904 3614 ·
924 3560 991 3616 23·=
1024 3547 1141 3636 lit'pro
1160 3555 1195 3617 1.
1222 3580 1224 3593 ·

129 3636 239 3700 L'hone
268 3653 369 3701 contm
396 3642 533 3702 Helvium
559 3640 699 3701 Marcium
719 3641 788 3699 693.
811 3638 847 3697 U.
871 3577 905 3698 h.
932 3635 1029 3697 Valer.
1047 3637 1195 3711 Manet,

128 3724 223 3795 2‚8.;
252 3744 319 3783 cum
345 3721 490 3786 Cicerone
515 3743 571 3805 pro
598 3720 706 3782 Balbo.
739 3717 786 3782 cf.
813 3715 874 3780 Cic.
902 3719 986 3777 Brut.
1009 3723 1061 3794 68,
1079 3723 1148 3779 239.
1168 3739 1195 3779 c.

129 3813 226 3863 annot.
247 3806 360 3890 Meyer.
407 3809 493 3868 Maus
519 3816 618 3868 autam
645 3804 775 3886 aequalis
804 3800 854 3861 Gn.
883 3799 1053 3882 Pompeius,
1081 3804 1125 3862 sir
1153 3800 1198 3861 ad
1255 3847 1268 3882 .·

130 3888 226 3947 omma
243 3908 359 3948 summa
381 3900 480 3966 uatus,
501 3891 643 3949 maiorem
664 3882 777 3946 dicendi
793 3884 920 3958 gloriam
941 3883 1110 3960 habuisset,
1139 3885 1198 3943 misi

110 3985 194 4041 xauru
213 3973 337 4031 maioris
355 3973 468 4047 glorias
497 3969 643 4054 cupiditas
662 3966 705 4028 ad
724 3963 967 4027 hallicaslaudss
993 3966 1199 4026 abstrusissst.

133 4046 208 4108 Erat
228 4056 362 4113 orations
380 4057 454 4113 satis
472 4053 603 4134 amplus,
627 4070 689 4109 rem
704 4047 869 4131 ‘prusdaotsr
887 4046 1014 4124 uidebat,
1034 4049 1114 4108 actio
1131 4066 1198 4106 earu

133 4132 192 4189 sius
214 4133 343 4194 habehat
363 4146 392 4196 st
411 4140 441 4196 iu
470 4155 538 4196 vaae
558 4154 695 4207 maguam
715 4129 896 4213 splendorem
917 4138 951 4189 aa
965 4132 996 4190 iu
1016 4138 1098 4189 motu
1118 4149 1200 4189 suro-

135 4234 210 4274 mssm
232 4215 413 4313 dignitatem.
455 4219 529 4300 Epp.
550 4217 585 4277 ad
609 4215 696 4275 attic.
716 4214 782 4292 Vll,
803 4215 849 4274 17.
878 4230 922 4274 or.
951 4209 987 4273 de
1007 4208 1076 4295 imp.
1097 4211 1199 4292 Pomp.
