2970 4808
614 266 809 353 capena
1043 305 1055 313 -
1206 275 1249 333 or

166 452 261 499 mens
289 423 362 500 dies
388 423 515 509 veniat,
553 436 748 523 statuarque
775 420 904 499 tumulo
935 449 1004 495 non
1037 440 1183 496 moestus
1216 441 1249 498 et

165 540 278 612 atrox,
315 524 376 599 sed
410 520 585 617 hilaris-et
610 540 810 611 coronatus,
843 538 875 597 et
899 549 963 624 pro
992 523 1150 597 memoria
1182 522 1252 596 nei,

164 651 228 698 nec
252 623 406 697 consulat
428 619 607 722 quisquam
632 649 694 694 nec
720 622 824 720 roget.

165 796 221 869 sit,
251 795 281 855 in
304 816 363 877 qno
384 794 513 877 suspirio
534 816 549 855 a
568 794 616 877 pia
636 793 729 857 anima
751 793 878 856 orationi
895 796 1023 857 Materni
1044 797 1158 858 inserto
1175 818 1246 880 par-

162 877 254 938 ticula
279 882 356 937 enim
384 898 420 938 ex
448 877 562 959 optimo
588 876 665 936 libro
695 876 826 958 reposita
860 877 1102 959 interpolatorem
1130 881 1247 960 prodat,

164 959 217 1041 qni
237 958 465 1040 interposuerit,
496 979 571 1038 quae
594 980 661 1019 cum
689 959 795 1019 ceteris
825 980 886 1019 non
916 960 1090 1021 cohaereant
1111 973 1141 1020 et
1168 961 1248 1033 salva

165 1041 311 1101 sententia
339 1041 440 1101 abesse
462 1040 598 1122 possint,
626 1051 656 1101 et
685 1041 735 1121 qui
763 1060 819 1122 pro
847 1063 899 1101 sua
927 1042 1090 1102 Latinitatis
1123 1042 1245 1107 scientia

155 1120 268 1202 satalia
296 1133 325 1180 et
347 1145 428 1182 mens
449 1122 600 1203 scripserit
627 1142 682 1203 pro
705 1133 734 1180 et
755 1143 836 1181 mens
855 1120 975 1201 fatalis.
1019 1123 1111 1183 Orell.
1133 1145 1246 1205 propo.

165 1203 241 1264 suit:
270 1206 450 1288 relinquere:
478 1203 650 1289 quandoque
674 1202 708 1285 (i.
729 1201 958 1284 anquando)
980 1202 1091 1282 sutelis
1114 1215 1143 1264 et
1165 1226 1246 1265 meus

163 1285 228 1345 dies
255 1290 363 1357 eenr’et,
392 1297 512 1345 statuar
533 1287 643 1346 tumulo
663 1297 718 1344 etc.
760 1285 898 1345 Forsitan
928 1286 1012 1345 locus
1040 1287 1082 1346 sic
1103 1284 1247 1346 constitui

161 1366 273 1448 possit:
294 1369 471 1451 relr'nqnere:
493 1368 666 1451 quandoque
681 1370 756 1427 enim
771 1365 884 1446 fatalis
904 1379 933 1429 et
954 1388 1035 1428 meus
1056 1368 1119 1428 dies
1137 1373 1246 1446 oeniot,

161 1458 356 1515 statunculo
700 1456 703 1461 ’

245 1562 422 1633 statuarque
444 1553 556 1613 tumulo
578 1574 636 1619 non
665 1563 794 1613 moestus
816 1563 845 1612 et
865 1564 975 1627 atrox,
1005 1553 1060 1613 sed
1085 1553 1191 1611 hilaris
1216 1560 1246 1611 et

163 1630 338 1716 coronatus]
368 1634 484 1694 Schula.
507 1632 625 1713 laudans
648 1634 835 1697 Kirclunaon.
859 1635 894 1695 de
919 1634 1172 1695 rorulentam.
1195 1635 1245 1711 lll,

165 1720 212 1775 16.
235 1713 379 1775 intellexit
407 1717 444 1774 de
464 1726 558 1775 statua
579 1714 610 1774 in
638 1715 774 1797 sepulcro
801 1728 914 1787 erecta;
948 1717 1046 1776 Haull‘.
1074 1728 1105 1775 et
1130 1712 1244 1775 Dronk.

162 1796 199 1872 do
222 1797 391 1879 sepultura;
419 1797 567 1859 Eclrstcin.
588 1798 624 1859 de
646 1797 870 1873 combustione,
891 1810 925 1857 ut
945 1798 1008 1880 ipse
1030 1818 1090 1859 non
1112 1809 1243 1856 moestus

163 1889 194 1938 et
213 1891 316 1951 atrox,
339 1877 431 1959 qualis
456 1879 555 1938 vultus
577 1878 606 1939 si
624 1874 851 1951 interfectorum¹
871 1901 935 1942 esse
958 1880 1068 1952 soleat,
1097 1878 1150 1939 sed
1170 1876 1245 1936 laila-

163 1959 205 2021 ris
226 1973 257 2020 et
277 1973 453 2033 coronatus,
475 1961 583 2041 quippe
604 1960 654 2041 qui
676 1983 727 2021 sua
749 1975 845 2021 morte
861 1954 991 2036 obierit,
1013 1981 1088 2042 rogo
1111 1959 1244 2041 impona-

161 2051 222 2101 tur.
263 2041 389 2105 Romani
417 2040 582 2116 defunctis,
610 2063 686 2123 quos
708 2042 823 2103 honore
844 2042 965 2105 assectas
990 2041 1165 2123 cupiebant,
1194 2049 1245 2100 aut
1308 2098 1310 2107 ,

162 2144 291 2184 coronas
311 2122 485 2204 sepulcrales
507 2123 715 2205 imponebant,
735 2137 785 2184 aut
801 2136 868 2184 ante
885 2146 936 2185 eos
959 2125 989 2183 in
1010 2124 1114 2183 sonere
1135 2121 1243 2182 elfere-

162 2202 254 2278 bant,
292 2226 365 2284 qnae
401 2203 567 2267 etiamnunc
596 2205 626 2265 in
656 2205 855 2266 monumentis
885 2204 1095 2287 sepulcralibus
1123 2201 1244 2284 conspi-

164 2285 300 2347 ciuntur:
320 2286 368 2346 vd.
382 2285 571 2349 Kirclnnann.
589 2289 611 2365 l,
632 2291 679 2349 tt.
721 2286 863 2369 Sepulcra
877 2308 995 2371 quoque
1015 2296 1155 2348 coronata
1178 2284 1244 2346 lue-

162 2378 244 2428 runt
263 2366 302 2429 ib.
323 2369 374 2445 lV,
396 2373 424 2428 3.

244 2481 273 2531 et
285 2492 340 2553 pro
359 2475 501 2533 memoria
515 2475 575 2533 snei
587 2493 639 2533 nee
655 2474 789 2534 consulat
807 2473 962 2556 quisquam
981 2492 1034 2532 nee
1054 2468 1156 2612 roget']
1177 2471 1244 2532 Me·

163 2555 259 2613 morio
279 2556 338 2614 snei
362 2553 495 2636 intellige
521 2554 557 2614 (le
577 2553 691 2629 titulis,
720 2554 913 2637 imaginibus,
944 2553 1066 2626 statuis,
1096 2553 1242 2614 coumnis

162 2633 284 2713 aliisque
306 2635 454 2696 honorum
477 2636 685 2695 monumentis.
726 2636 867 2696 Consulat
887 2636 905 2694 i.
928 2657 955 2717 q.
976 2634 1084 2697 referat
1099 2634 1136 2694 ad
1157 2626 1251 2697 small

162 2725 243 2789 tum,
274 2737 362 2795 quem
388 2716 435 2778 his
461 2716 796 2798 rebus·interponcbant
820 2717 876 2798 ipsi
904 2717 1067 2798 principes;
1096 2726 1181 2791 roget
1201 2737 1242 2776 sc.

161 2796 340 2938 prilneiqens,
361 2820 433 2858 num
453 2796 539 2859 liceat
557 2798 679 2874 titulos,
710 2799 849 2882 imagines
868 2798 903 2857 al.
924 2798 955 2859 in
976 2796 1174 2866 monumentis
1193 2817 1243 2857 sc·

183 2901 201 2937 u
214 2900 261 2939 cra

161 2899 228 3020 inm
248 2972 317 3035 aut,
344 2961 413 3023 dum
434 2961 588 3037 viverent,
607 2961 773 3023 invisorum
800 2960 913 3022 solebat
934 2959 1077 3023 ‹lamnati'
1112 2960 1169 3021 vd.
1192 2961 1242 3021 lo-

162 3040 223 3100 stit.
244 3042 280 3102 (le
300 3041 360 3101 iud.
384 3042 413 3125 ᾗ.
434 3049 463 3103 3.
484 3046 567 3105 cuius
584 3065 682 3124 poena
703 3048 822 3105 αηίυιασ
841 3046 1028 3114 omissionum
1049 3040 1191 3114 sustinet,
1211 3051 1242 3103 et

162 3127 306 3187 memoria
326 3128 372 3183 rei
391 3129 481 3189 etiarn
507 3135 574 3204 post
597 3138 720 3186 mortem
739 3126 907 3189 damnem
949 3124 1072 3186 Gruter.
1092 3122 1241 3202 lusoriptt.

161 3225 190 3284 p·
213 3202 366 3268 CCCLlV.
388 3212 416 3266 2.
443 3204 506 3286 (cni
527 3218 681 3286 suspectus
702 3204 771 3285 ost)
816 3206 856 3269 Μ.
877 3204 1001 3267 Annaeo
1022 3205 1145 3265 Lucano
1166 3203 1241 3263 Cor·-

161 3284 284 3347 dubensi
309 3284 447 3365 beneficio
475 3287 602 3347 Neronis
615 3286 708 3365 sama
726 3297 909 3353 emenone
948 3284 1091 3355 Artennirl.
1111 3286 1135 3357 l,
1156 3288 1185 3347 5.·
1205 3285 1242 3353 uie

119 3365 124 3371 Ι
160 3372 230 3440 μηδὲ
249 3369 394 3425 annonam
413 3374 483 3436 ἔχειν
501 3366 600 3443 ὄνομα.
630 3370 740 3436 τούτους
763 3369 934 3445 yoipqso'aovc
959 3373 989 3425 iss
1013 3370 1106 3443 stapris
1129 3371 1241 3433 δείπνοις
1279 3424 1284 3437 ,

162 3447 197 3505 osi
216 3452 342 3506 anesim
361 3458 388 3507 ot
410 3449 588 3526 προςήκοπις.
608 3449 656 3508 vsi
681 3449 817 3509 Gronov.
838 3446 874 3507 acl
895 3447 924 3506 h.
944 3446 964 3505 Ι.
1001 3448 1150 3507 Memoria
1170 3449 1239 3519 mei,
1278 3460 1282 3467 ’

147 3537 197 3589 ut
210 3531 255 3597 tui
268 3533 412 3591 memorio
434 3529 510 3595 Ano,
526 3531 549 3603 l,
561 3533 613 3597 43,
624 3528 785 3608 ,somerset
798 3531 836 3604 ll,
852 3533 898 3590 to.
916 3527 1028 3589 invisito
1049 3532 1094 3587 tui
1108 3529 1159 3601 ΙΙΙ,
1177 3530 1239 3604 to,
1274 3548 1279 3575 ι

92 3647 95 3652 -
161 3618 208 3669 ost
236 3619 387 3671 structura
415 3611 519 3671 Tacito
538 3611 744 3686 usitatissima,
783 3611 820 3671 oe
849 3632 907 3693 qus
933 3610 981 3670 nd.
1001 3608 1148 3672 Boettioh.
1169 3610 1238 3670 Lex.

160 3688 229 3749 Tac.
251 3711 279 3770 p.
300 3697 359 3750 208
381 3713 426 3776 sq.
457 3692 652 3759 Ruddiusann.
672 3693 767 3757 instit.
789 3691 856 3752 Vol.
877 3694 911 3753 ll
932 3698 1030 3779 1³2⁵st
1062 3690 1238 3753 Ramslsoru.

162 3769 356 3859 Gr.,§.157.
376 3779 405 3833 2.
443 3774 545 3860 Praep.
564 3797 617 3856 pru
639 3795 724 3856 saepe
744 3773 876 3842 studium
889 3772 1022 3855 spartium
1042 3784 1073 3834 et
1092 3760 1275 3835 commodil

159 3851 321 3991 exprimit,
340 3853 521 3934 poniturque
540 3876 557 3916 a
577 3856 701 3953 Tacito,
725 3855 780 3918 nbi
801 3854 849 3915 alii
869 3854 1029 3936 scriptores
1050 3853 1118 3914 solo
1138 3853 1237 3920 dasiro
1271 3840 1275 3889 Ι

159 3935 1237 4163 ΙΞΓΙΙΙἹῖἕίοἳυέΙῐνΙΙΙΙΙιΙΙΙΙΙΙΙΙευΙΙΙΙΙΙΙΙΙνΙΙΙΙΙῘΞΙοηιῖἷᾳῖἵοῗνίιῗνμῗῖἱέέ

161 4099 211 4156 12.
236 4117 290 4157 neo
317 4098 403 4159 alind
428 4099 569 4159 adversus
594 4100 794 4175 montenses,
807 4111 914 4180 *gentes
940 4120 996 4188 pto,
1023 4086 1105 4171 nobit
1168 4101 1197 4122 “’
1230 4141 1238 4157 ·
1325 4155 1328 4165 .

159 4176 306 4241 Boetticla.
326 4178 396 4243 Les.
416 4180 485 4243 Tae,
508 4202 534 4243 s.
553 4202 616 4267 pro.

273 2879 339 2940 ilaus
361 2900 482 2960 ponere.
524 2881 596 2940 Nam
618 2881 758 2940 memoria
781 2879 932 2940 hominurn
953 2891 1004 2940 aut
1030 2879 1242 2943 condemnato·
1281 2936 1283 2941 a
