2970 4808
577 233 1220 362 cap.ttici··‚}„{{3'{{j·{3:]{'·.{{3191
1303 295 1305 300 ·

145 434 289 504 Brutum
315 445 348 501 et
358 428 513 502 Asinium
536 446 567 501 et
583 428 791 520 Messallam:
814 456 901 530 qnos
923 429 1059 530 quidem
1085 422 1224 507 curan·

144 601 230 661 Brut.
252 603 303 674 79,
325 602 395 659 273.
424 600 487 655 eius
513 602 658 657 actionem
686 600 809 658 multum
835 610 936 661 tamen
963 610 993 659 et
1016 600 1171 685 splendido
1191 612 1227 665 ct„

142 679 314 762 perurbana
335 679 562 737 commendabat
582 684 688 737 oratio.
729 678 842 739 Gracci¹
862 685 925 739 eius
943 686 1090 741 conciones
1109 683 1222 763 aliquot

141 761 278 838 ficerunt,
299 780 385 818 acres
407 763 613 821 accusationes
633 770 708 832 tres,
724 780 838 842 veaeque
852 782 951 820 omnes
967 783 1005 821 esc
1022 767 1067 835 rei
1083 756 1228 843 publicae⁴

145 846 328 903 contentione
343 851 511 919 susceptam
536 839 725 917 defensiones,
747 845 804 900 etsi
815 843 869 899 illa
884 852 969 902 erant
984 847 1014 901 in
1034 850 1068 902 eo
1083 845 1220 917 meliora,

143 945 220 1006 quae
240 923 314 993 dini,
335 942 392 985 non
413 916 641 983 contemnendae
654 932 754 980 tamen
772 942 899 1002 saneque
919 924 1094 985 tolerabiles.
1115 924 1220 998 Quint.

143 1008 184 1079 X,
208 1008 326 1080 1,.115.
370 1003 497 1061 Multum
519 1007 629 1076 ingenii
653 1007 683 1060 in
713 1001 814 1061 Caelio
831 1013 871 1069 ‚et
897 1006 1058 1083 praecipue
1077 1003 1107 1062 in
1129 1024 1220 1065 occu-

144 1086 239 1147 sando
266 1085 360 1142 malta
383 1083 536 1152 urbanitas
557 1084 716 1165 dignusque
742 1087 803 1156 oir,
831 1087 880 1143 cui
905 1093 935 1141 et
962 1104 1043 1143 mens
1068 1076 1226 1144 melioret

146 1172 208 1231 oito
230 1168 342 1238 longior
362 1168 537 1237 contigisset.
579 1163 625 1224 Cs.
646 1164 681 1223 de
702 1164 765 1225 eius
786 1163 919 1227 moribus
938 1163 1124 1225 mitissimum
1143 1165 1226 1225 iudi..

144 1248 223 1308 cium
250 1244 392 1305 Niebuhr.
420 1244 527 1307 Rhein.
556 1245 633 1304 Mus.
654 1249 691 1319 lt,
710 1246 739 1305 4.
759 1267 787 1325 p.
805 1249 875 1304 598.
915 1245 1039 1306 Exsnnt
1066 1246 1129 1306 cius
1157 1247 1220 1327 epi-

145 1328 239 1388 stolae
258 1330 344 1387 XVll.
372 1326 408 1385 ad
428 1324 523 1392 Cicer.
550 1324 616 1385 libr.
636 1329 711 1383 VllL
730 1326 806 1405 Epp.
828 1325 863 1384 ad
883 1326 966 1389 Facu.
982 1325 1125 1401 insertae,
1154 1327 1221 1406 qui-

143 1409 201 1469 hus
222 1411 333 1467 Manut.
355 1406 407 1467 uit.
428 1406 505 1467 Cael.
524 1407 675 1486 praemisit
693 1407 740 1465 vd.
760 1408 792 1465 in
815 1405 869 1465 Ed.
886 1405 993 1466 Graes.
1013 1408 1048 1466 Τ.
1063 1410 1083 1463 1.
1103 1429 1132 1486 p.
1151 1411 1220 1469 348.

143 1490 191 1551 De
219 1490 321 1569 fragm.
352 1498 438 1546 oratt.
466 1488 502 1546 cl.
530 1488 644 1569 Meyer.
674 1499 759 1547 oratt.
786 1486 887 1567 fragm.
908 1508 936 1566 p.
959 1492 1026 1547 193.
1051 1487 1086 1547 dc
1113 1487 1165 1548 vit.
1190 1499 1222 1547 et

144 1582 235 1633 oratt.
260 1569 386 1629 Ellendt.
415 1568 551 1649 Prolegg.
576 1590 607 1646 p.
634 1565 703 1628 ClX
724 1590 768 1648 sq.
802 1568 955 1628 onomast.
984 1565 1111 1629 Tutttm.
1129 1568 1164 1629 Ρ.
1184 1572 1226 1628 Π..

135 1674 172 1733 ¹p.
198 1656 256 1711 113
272 1673 316 1730 sq.
336 1650 380 1709 ed.
404 1648 496 1709 Orell.
513 1660 544 1707 et
556 1648 672 1709 Baiter.
1036 1695 1044 1729 3

229 1743 367 1884 Calounqq
390 1745 421 1804 C.
441 1746 574 1804 Licinius
595 1745 702 1804 Caluus
721 1741 773 1825 (cf.
793 1744 868 1805 Dial.
888 1751 935 1805 18.
955 1751 1004 1806 21.
1026 1751 1074 1806 2³.
1091 1751 1141 1806 25.
1155 1743 1226 1826 34)
1327 1729 1333 1738 ’

142 1836 229 1888 natus
252 1834 320 1887 672.
367 1824 423 1887 .C.
443 1838 527 1906 patre
546 1826 660 1886 Licinio
677 1828 796 1901 Macro,
816 1825 962 1906 probabili
980 1827 1125 1885 annalium
1146 1827 1220 1887 s'cri-

142 1922 230 1990 ptore
252 1920 281 1969 et
302 1919 439 1981 oratore,
459 1919 564 1966 orator
584 1919 613 1966 et
634 1918 722 1987 poeta
743 1910 809 1966 cuin
829 1904 995 1981 Cicerone,
1021 1929 1037 1966 u
1057 1929 1117 1986 quo
1135 1919 1222 1988 ¹pater

142 1990 370 2070 repetundarum
389 2001 540 2048 accusatus
561 2009 680 2047 manum
699 1987 756 2047 sibi
775 1988 923 2063 intulerat,
948 1987 1122 2048 simultatem
1142 1980 1224 2047 mul->

141 2085 246 2151 tueque
279 2066 444 2128 inimicitias
482 2069 643 2147 exercebat.
702 2068 885 2149 Rhetoribus
916 2069 1038 2129 Graecis
1072 2068 1224 2166 magistris}

141 2174 216 2212 usus
237 2162 268 2210 et
287 2149 375 2208 nullis
396 2149 613 2244 magistratibus
632 2151 753 2209 sununs
768 2150 880 2209 eximia·
891 2149 938 2209 sui
955 2149 1066 2231 ingenii
1080 2144 1223 2209 felicitate
1240 2166 1245 2171 ‘

143 2231 347 2310 industriaque
369 2229 485 2303 esseest,
512 2243 547 2290 ut
567 2248 633 2291 eum
660 2229 805 2291 Cicerone
828 2231 864 2290 de
884 2230 1051 2311 principatu
1076 2230 1218 2309 eloquen-

142 2316 202 2373 tiae
220 2323 323 2393 posset
344 2308 534 2385 contendere,
558 2323 742 2390 mortemque
762 2311 875 2373 viribus
891 2312 1033 2370 acerrimo
1055 2312 1154 2371 studio
1172 2311 1220 2370 ui-

140 2395 269 2472 ‘miisque
289 2392 396 2473 vigiliis
425 2392 559 2472 corporis
586 2392 757 2451 infirmioris
784 2392 883 2452 fractis
913 2391 1100 2467 acceleravit,
1133 2412 1220 2471 quam

143 2474 262 2535 circiter
277 2494 293 2531 a
309 2479 376 2531 706.
393 2472 474 2533 U.C.
488 2492 555 2532 eum
569 2473 668 2533 obisse
683 2472 925 2533 verisimillimum
941 2486 994 2533 est.
1015 2473 1223 2540 Nonodecimn

142 2555 244 2615 aetatis
271 2573 354 2621 anno¹
376 2554 412 2612 ad
432 2554 647 2625 accusationem
667 2553 778 2612 Vatinii
803 2553 962 2612 laciendum
981 2553 1080 2613 forum
1102 2554 1218 2636 ingres-

143 2658 194 2696 sus
215 2646 295 2693 tanta
323 2634 507 2713 eloquentiae
534 2634 619 2693 laude
645 2634 837 2713 postmodum
856 2633 979 2710 floruit,
1007 2646 1042 2695 ut
1064 2632 1222 2694 Ciceronis

141 2716 272 2777 aemulus
293 2726 323 2774 et
341 2715 614 2775 vehementissimus
637 2715 819 2775 obtrectator
830 2716 915 2774 fieret
934 2735 1132 2795 necunquam
1151 2734 1219 2774 cum

142 2819 198 2872 eo,
224 2796 294 2856 licet
312 2808 428 2855 mutuas
450 2794 506 2855 sibi
533 2795 672 2876 epistolas
701 2797 871 2870 mitterent,
898 2796 930 2854 in
957 2795 1078 2878 gratiam
1098 2794 1218 2855 rediret.

141 2878 188 2941 Ex
208 2898 264 2956 qua
286 2877 432 2936 simultate
452 2877 516 2935 orta
537 2889 607 2937 sunt
627 2877 732 2936 iudicia
751 2877 915 2956 iniquiora,
937 2897 1012 2957 quae
1030 2875 1068 2936 ab
1089 2888 1219 2955 utroque

141 2958 198 3017 lata
216 2958 340 3040 legimns
361 2959 391 3016 in
411 2957 534 3017 alterum
556 2957 588 3016 in
608 2956 734 3038 Dialogo
753 2970 782 3019 et
804 2956 866 3019 Cic.
887 2956 972 3016 Brut
998 2963 1048 3031 82,
1077 2963 1146 3016 283.
1169 2960 1220 3038 qui
1291 3004 1293 3010 ,
1360 3037 1367 3048 Ι

142 3050 247 3100 orator
261 3061 347 3121 quum
355 3036 465 3116 suisset
479 3041 586 3098 litteris
601 3040 748 3117 equdttior.
759 3059 848 3120 quam
860 3038 961 3111 Curio,
983 3046 1045 3099 turn·
1060 3042 1150 3099 etiam
1164 3058 1218 3096 ao-

141 3123 275 3180 curatius
292 3120 439 3200 quoddam
464 3120 585 3179 dicendi
601 3129 631 3177 et
650 3124 823 3201 exquisitius
842 3118 990 3196 afferebat
1007 3139 1114 3191 genus:
1141 3118 1220 3199 quad
1292 3114 1303 3124 ⁶

140 3200 308 3284 quanquam
331 3203 458 3258 scienter
484 3201 687 3283 eleganterque
714 3200 883 3274 tractabat,
911 3201 1032 3272 nimium
1052 3210 1152 3257 tamen
1172 3202 1217 3254 in-¹

110 3328 115 3333 .
140 3287 257 3364 quirens
285 3285 316 3337 in
340 3299 372 3336 se
391 3290 479 3360 atque
504 3283 565 3359 ipse
584 3298 647 3337 sese
671 3280 828 3338 obseruans
847 3289 977 3338 manens
998 3300 1052 3351 ue,
1077 3298 1113 3336 ne
1134 3281 1218 3335 arlio-

88 3416 94 3439 ι
140 3384 207 3422 curn
235 3361 402 3432 colligeret,
437 3363 528 3417 etiarn
556 3379 653 3417 oanni
680 3364 851 3433 sanguinem
879 3298 1066 3438 deperdebat.
1113 3357 1219 3438 Itaque

142 3447 207 3502 eius
228 3444 326 3500 oratio
347 3441 439 3497 nimia
459 3441 599 3513 religione
620 3449 778 3498 attenuata
796 3439 890 3513 doctis
910 3450 939 3497 et
959 3449 1071 3497 attente
1093 3437 1218 3496 audien-

141 3525 220 3584 tibus
240 3518 307 3580 erat
326 3520 462 3579 illustris:
494 3540 516 3577 a
536 3520 721 3599 multitudine
747 3531 846 3580 autem
870 3531 899 3578 et
919 3540 941 3577 a
958 3518 1048 3597 soro,
1076 3522 1126 3576 cui
1143 3527 1220 3580 nata

141 3604 307 3665 clementia
327 3611 380 3674 est,
404 3600 609 3660 decorabatur.
653 3600 726 3660 Tum
747 3600 874 3673 Brutus,
894 3600 1028 3658 Atticum
1048 3618 1091 3672 se,
1112 3602 1229 3678 iuquit,

142 3628 250 3744 Caluus
271 3692 376 3741 “noster
397 3682 459 3740 dici
482 3692 632 3740 oratorem
661 3683 783 3741 solebat.
822 3681 896 3741 Inde
915 3691 982 3738 erat
1001 3683 1062 3751 ista
1087 3682 1217 3752 exilitas,

141 3784 229 3847 quam
258 3765 306 3821 ille
327 3763 366 3821 de
382 3763 529 3821 industria
548 3763 783 3845 consequebatur.
815 3760 918 3836 Quint.
940 3762 981 3836 X,
1005 3766 1033 3834 1,
1057 3763 1124 3820 115.
1165 3761 1223 3817 Ins

100 3839 108 3849 ⁸
143 3850 222 3911 oeni,
252 3848 302 3926 qui
329 3844 450 3903 Caluum
476 3841 663 3923 praeferrent
687 3844 835 3917 omnibus,
864 3845 975 3917 inueni,
1005 3844 1057 3926 qui
1082 3841 1219 3900 Ciceroni

143 3926 311 3997 crederent,
343 3946 407 3983 euro
437 3928 530 3982 runata
557 3934 662 3982 contra
688 3945 720 3982 se
746 3926 894 3983 calumnia
922 3943 1020 3981 oerum
1045 3925 1216 3994 sanguinem

138 4007 311 4088 perdidisse.
359 4005 421 4065 Sed
440 4015 484 4066 est
506 3997 535 4063 et
555 4015 660 4064 sancta
685 4001 719 4063 et‘
733 4009 835 4078 grauis
855 4007 952 4062 oratio
971 4013 1001 4061 et
1020 4001 1168 4079 custodita
1186 4011 1218 4060 et

132 4086 305 4168 frequenter
334 4087 483 4144 uehemens
515 4104 632 4168 quoque.
680 4086 819 4145 Imitator
843 4094 944 4150 autera
973 4093 1018 4142 est
1047 4081 1215 4145 Atticorum

132 4166 270 4250 fecitque
287 4170 332 4228 t'lli
353 4176 517 4248 prrrperata
538 4186 617 4228 mars
637 4168 777 4228 iniuriam
783 4209 794 4243 ,
821 4169 849 4226 si
868 4164 939 4247 quid
957 4164 1124 4226 adiecturus
1148 4162 1217 4236 sibi,
