2970 4808
591 226 659 310 Cup
694 226 778 298 XX.
875 296 879 303 ‚
1162 229 1225 289 137
1299 264 1306 277 .

142 401 202 460 aut
225 362 376 471 Pacuvii
390 395 526 457 veterno
550 372 766 479 inquinatas,
791 375 851 453 sed
877 377 1067 473 1111011111
1091 395 1124 455 et
1147 379 1225 454 Vir·
1263 367 1266 373 ¹
1302 405 1304 409 ’

142 530 248 599 coepta
264 527 313 578 111
335 536 352 575 a
372 511 543 575 Schneider.
574 509 759 573 Elementarl.
782 510 809 569 d.
831 511 892 571 Lat.
913 511 981 593 Spr.
1007 511 1040 573 P.
1062 513 1084 572 l.
1104 533 1132 593 p.
1153 513 1224 573 444.

141 600 241 661 Beier.
260 598 296 658 ad
316 595 378 663 Cic.
400 594 462 656 011.
483 598 532 668 111,
553 597 602 654 21.
623 616 651 674 p.
673 596 742 652 343.
780 591 947 653 Weichert.
961 594 997 653 de
1014 595 1047 653 1..
1066 596 1134 671 Tar.
1156 615 1184 675 p.
1196 599 1224 652 9.

143 680 277 742 Goeller.
298 679 332 737 ad
361 675 425 737 Cic.
447 676 529 735 Orat.
550 679 612 745 ll.;
642 674 750 735 Accius
770 694 815 754 ap.
837 671 898 733 Cic.
925 674 1043 736 exlriltet
1063 674 1155 736 Orell.
1176 674 1224 735 vd.

145 762 300 822 (lnomast.
321 758 400 819 Tull.
420 756 453 818 P.
474 760 508 813 11.
529 776 566 837 p.·
579 758 607 816 4.
632 755 766 815 Mueller.
788 777 832 837 ap.
851 757 978 815 Varron.
1006 758 1038 816 Ι..
1062 756 1094 816 L.
1114 758 1152 831 V,
1175 762 1224 816 98.
1261 812 1264 817 ,

142 848 209 918 vlt,
233 847 279 902 19.
303 839 339 900 31.
378 838 504 899 Nomina
531 838 610 898 Attii
632 849 662 896 11
692 836 814 896 Pacuuii
836 835 936 897 multis
967 837 1040 898 loeis
1069 826 1225 898 coniuncta

143 925 303 1008 leguntur,
323 933 359 981 ot
378 920 453 983 Dial.
474 925 521 979 21.
544 918 649 994 Quint.
668 921 705 991 Χ,
730 924 757 991 1,
779 922 827 975 97.
848 918 952 978 Horat.
973 922 1047 1001 lipp.
1063 925 1100 994 11,
1125 926 1152 993 1,
1174 926 1224 980 33.

143 1004 269 1067 Martial.
289 1006 342 1085 Ep.
364 1007 414 1076 Xl,
436 1006 487 1074 91,
507 1007 535 1061 5.
565 998 641 1059 vett.
662 1001 724 1058 Pat.
750 1002 787 1071 ll,
809 1004 836 1057 9.
865 999 912 1059 vd.
942 1001 1110 1062 Weiclrert.
1130 1013 1223 1083 poett.

144 1087 221 1147 Latt.
240 1082 302 1145 rell.
324 1107 352 1166 p.
375 1089 421 1143 13.
463 1083 498 1142 J..
521 1083 639 1155 Attius,
667 1081 718 1160 qui
739 1092 824 1138 natus
846 1085 915 1141 584.
932 1083 974 1140 U.
998 1080 1032 1143 C.
1052 1083 1127 1142 vixit
1147 1082 1225 1142 ultra'

147 1175 188 1228 80
208 1190 325 1239 annum,
349 1188 364 1225 a
382 1164 538 1237 Cicerone,
551 1163 611 1243 'qni
631 1162 799 1222 adolescens
818 1163 932 1242 saepius
948 1185 1013 1223 cum
1031 1184 1067 1224 eo
1082 1186 1114 1223 se
1130 1164 1224 1224 collo-

145 1261 246 1311 cutum
267 1248 412 1331 significat
432 1247 532 1323 (Brut.
552 1250 603 1319 28,
624 1242 716 1327 tot),
737 1244 833 1325 gravis
856 1256 886 1305 et
905 1243 1075 1325 ingeniosus
1097 1244 1225 1326 appella·

144 1343 211 1401 tur,
241 1352 257 1390 a
280 1351 341 1410 quo
369 1327 478 1387 multae
508 1326 689 1388 Graecorum
717 1323 883 1407 tragoediae
911 1338 960 1384 3111
982 1326 1144 1387 imitatione
1172 1347 1225 1387 ex-

144 1432 262 1494 pressae
284 1423 334 1471 aut
354 1410 384 1469 in
398 1410 533 1468 Latinum
553 1427 712 1467 conversae
732 1419 818 1481 sunt,
838 1417 873 1464 ut
891 1406 1030 1481 Alcestis,
1052 1408 1225 1482 Alcmaeon,

144 1494 310 1576 Meleager,
332 1491 515 1566 Philocteta,
543 1488 722 1549 Phoenissae
743 1487 778 1547 31.
829 1487 954 1569 Scripsit
975 1509 1093 1569 quoque
1113 1489 1225 1549 tabulas

144 1587 258 1659 togatas
288 1583 500 1655 praetextatas,
529 1592 652 1652 quarum
680 1579 849 1652 argumenta
876 1590 911 1628 ex
940 1570 1064 1632 historia
1095 1573 1226 1631 Romana

95 1676 102 1683 “
166 1657 235 1716 11113
259 1667 362 1729 erant,
395 1653 520 1715 Decium
542 1651 604 1712 sive
622 1652 773 1710 Aeneadas
791 1661 822 1710 et
841 1651 967 1711 Brutum
990 1653 1038 1715 nt.
1061 1668 1126 1733 sup.
1146 1674 1175 1733 p.
1197 1656 1226 1710 7.

143 1680 320 1798 i'ahularum
341 1737 443 1819 fragm.
465 1732 615 1818 congessit
635 1732 724 1792 Both.
748 1731 778 1791 in
820 1743 891 1790 oett.
914 1733 988 1793 Latt.
1010 1734 1134 1794 scenice.
1158 1732 1225 1792 Vol.

87 1842 98 1851 “
144 1821 181 1877 V.
203 1821 236 1879 P.
260 1822 279 1877 Ι.
309 1841 338 1899 p.
363 1824 422 1878 156
449 1838 493 1897 sq.
549 1813 753 1875 Didascalicou
781 1754 875 1872 1111101
901 1815 1079 1897 conseripsit
1105 1835 1226 1891 novem,

143 1918 271 1982 quorum
300 1900 461 1982 fragmenta
489 1895 610 1979 collegit
638 1897 657 1953 l.
677 1895 715 1956 N.
742 1894 869 1990 Madvig.
896 1894 927 1992 in
957 1897 1170 1965 commentde
1191 1896 1226 1954 l..

144 1983 220 2042 Attii
250 1979 437 2041 didascalicis.
472 1980 568 2039 llavn.
592 1981 679 2037 1831.
707 1979 736 2036 4.
762 1987 878 2055 repetat.
902 1998 934 2035 ιιι
966 1978 1066 2045 Eiusd.
1097 1977 1226 2058 Opusce.
1310 2034 1315 2040 .

143 2064 220 2124 acad.
249 2064 343 2122 Havn.
365 2063 453 2141 1834.
475 2067 504 2119 8.
522 2082 551 2140 p.
572 2063 612 2118 87
634 2080 677 2136 sq.
728 2057 772 2116 M.
794 2056 957 2132 Pacuuius,
985 2071 1044 2120 nat.
1064 2057 1228 2119 Brundusii

101 2208 104 2213 ,
144 2149 215 2206 334.
242 2146 281 2204 U.
304 2142 337 2204 C.
358 2137 445 2202 mo'rt.
473 2139 596 2201 Tarenti
616 2145 696 2214 693,
723 2138 812 2197 Ennii
839 2159 933 2220 nepos
963 2163 997 2200 cx
1016 2161 1140 2214 sorore,
1169 2139 1227 2198 lro-

145 2246 213 2305 spes
244 2237 274 2283 11
301 2224 408 2285 amicus
436 2221 471 2284 C.
499 2220 608 2295 Laelii,
644 2219 806 2302 tragoedias
843 2221 962 2301 scripsit
993 2243 1029 2282 ex
1062 2220 1226 2280 imitatione
1272 2243 1282 2259 ‘

147 2309 347 2380 Graecorum,
384 2302 466 2363 uelut
499 2303 679 2363 Duloresten
716 2301 780 2383 (vd.
808 2301 845 2360 H.
874 2302 1016 2442 Stieglitr.
1043 2302 1080 2363 de
1106 2299 1226 2362 Pacuvii

143 2384 339 2467 Duloreste),
358 2384 533 2468 iphigeniam
553 2383 724 2456 Tauricam,
745 2382 903 2522 Antiopam
924 2404 977 2456 a.,
997 2372 1121 2443 fabulam
1139 2396 1225 2465 toga·

143 2480 203 2529 tam
230 2479 435 2549 praetextatam
464 2465 596 2527 Paullum
625 2463 688 2545 (vd.
706 2462 835 2522 Neukire
858 2508 865 2523 .
896 2465 932 2524 de
961 2464 1016 2525 1311.
1046 2476 1110 2548 tog.
1138 2466 1226 2524 Rom.

144 2572 173 2632 p.
192 2554 232 2608 73
256 2547 333 2628 sq.),
362 2569 485 2627 quarum
505 2547 609 2630 fragm.
629 2542 749 2627 collegit
768 2545 857 2603 110111.
880 2544 910 2605 11.
930 2569 957 2627 p.
981 2552 1020 2605 98
1043 2567 1086 2626 sq.
1123 2543 1226 2606 ACi-

145 2651 273 2704 eerone,
302 2630 352 2710 qni
375 2629 548 2709 frequenter
576 2648 681 2686 versus
706 2636 742 2685 e'x
763 2625 826 2686 eius
854 2626 1013 2723 tragoediis
1035 2625 1135 2689 citarit
1161 2625 1225 2708 (vd.

146 2710 300 2781 Onomast.
320 2710 398 2771 Tull.
419 2712 452 2770 P.
475 2714 509 2768 ll.
526 2732 554 2791 p.
576 2710 637 2769 434
650 2728 693 2786 sq.
713 2706 758 2766 ed.
780 2705 873 2767 Orell.
892 2707 1071 2789 11331111),
1092 2729 1225 2767 summus

144 2794 273 2875 tragicus
294 2792 428 2852 laudatur
448 2790 484 2850 de
506 2801 567 2872 opt.
585 2809 651 2871 gen.
672 2808 717 2847 or.
740 2792 769 2861 1,
792 2794 831 2861 2,
853 2788 904 2867 qui
924 2789 1036 2870 pariter
1055 2801 1143 2868 atque
1163 2790 1226 2848 lin-
1346 2850 1352 2855 ,

145 2875 212 2936 nius
234 2887 264 2934 et
278 2873 379 2933 Attius
400 2893 461 2932 non
480 2871 580 2945 verba,
605 2869 656 2930 sed
678 2868 737 2929 vim
752 2868 934 2929 Graecorum
952 2868 1131 2951 expresserit
1151 2889 1226 2951 poe·
1264 2910 1269 2921 ·

144 2968 249 3016 tarum.
284 2954 396 3030 ,Quint
418 2956 458 3027 X,
480 2959 509 3025 1,
533 2958 581 3012 97.
633 2951 819 3025 Tragoedias
838 2954 997 3032 scriptores
1018 2962 1145 3011 ueterum
1167 2952 1226 3011 At-

145 3034 205 3096 tius
224 3047 312 3120 utque
323 3037 470 3097 Pacuuius
489 3035 650 3095 clarissimi
665 3037 815 3106 grauitate
831 3034 1227 3108 sententiarum,‘oerdorum

140 3118 284 3201 pondere,
305 3122 486 3177 auctoritate
504 3134 708 3196 personarum.
752 3113 886 3171 Ceterum
908 3119 986 3174 nitor
1007 3125 1037 3173 et
1058 3135 1175 3173 summu
1196 3115 1227 3171 in

143 3199 313 3258 excolendis
328 3199 463 3279 operidus
484 3217 589 3256 munus
608 3195 705 3270 magis
725 3195 818 3253 uideri
833 3204 931 3274 potest
944 3196 1123 3275 temporibus
1136 3214 1225 3275 quum

102 3292 109 3299 '
144 3283 216 3361 ipsis
236 3279 370 3356 defuisse.
415 3280 525 3338 Vitium
554 3287 653 3335 tomen
682 3275 767 3334 Attio
790 3275 857 3354 plus
878 3276 1033 3334 tribuitur:
1061 3275 1227 3334 Pacuuium

144 3360 239 3421 uideri
259 3360 435 3430 doctiorem,
463 3361 594 3442 quiesse
616 3355 694 3415 ducti
713 3354 871 3434 affectant,
901 3358 1006 3416 uolunt.
1049 3352 1110 3416 Cic.
1140 3357 1225 3418 Orat.

148 3445 268 3512 1111.
311 3439 389 3498 ortt.
411 3440 447 3499 Ν.
468 3443 503 3499 Α.
527 3440 662 3513 mm.
684 3425 761 3511 vrit,
782 3443 810 3496 2.
861 3434 913 3496 ce
934 3438 971 3498 ae
990 3447 1228 3520 ueroquepoeu
1296 3456 1301 3465 =
1419 3445 1428 3453 ·

146 3519 249 3602 Regel.
274 3519 363 3579 dere
389 3532 462 3602 trag.
484 3523 570 3581 Rom.
591 3540 619 3600 p.
641 3520 682 3576 46
704 3539 767 3598 sq.,
796 3516 846 3596 qui
876 3517 951 3579 liene
980 3517 1137 3595 observat,
1165 3538 1228 3578 non

144 3599 258 3662 tautum
279 3600 309 3659 in
331 3601 454 3740 singulis
475 3622 526 3662 eos
549 3598 646 3660 verbis
667 3610 718 3658 aut
736 3601 765 3659 in
781 3598 956 3682 effingendis
970 3599 1138 3683 tragoediae
1158 3621 1228 3682 per·
1273 3655 1276 3661 ,
1358 3639 1361 3644 -

146 3703 284 3743 sonarum
306 3683 382 3741 mori
404 3704 439 3740 os
468 3682 559 3742 multa
588 3699 733 3755 novasse,
762 3680 920 3740 sedetiam
947 3693 1039 3741 totam
1062 3681 1228 3762 tragoedia·
1315 3712 1324 3723 -

144 3776 212 3826 rum
233 3763 435 3824 oeconomiam
456 3764 533 3824 haud
554 3781 623 3822 raro
642 3761 812 3822 immutasse
834 3773 864 3820 et
883 3757 1007 3844 proprio
1028 3763 1118 3822 modo
1140 3762 1227 3822 insti-

147 3845 257 3916 tuisse,
287 3845 318 3903 iu
347 3845 477 3905 Pacuvio
497 3845 659 3905 ubertatem
681 3864 715 3903 ac
742 3843 905 3904 doctrinam
933 3844 1103 3904 laudandam
1123 3844 1229 3918 inisse,

147 3946 220 4006 quae
242 3937 415 3986 cerneretur
434 3927 518 3985 ctiam
540 3925 571 3986 in
594 3923 729 3984 versibus
757 3924 848 4006 magis
869 3925 980 3986 ornatis
1001 3924 1228 4006 elaboratisque,

41 4007 45 4021 '
145 4006 262 4066 Attium
298 4019 402 4069 contra
434 4008 548 4068 laudem
585 4000 747 4065 altitudinis
773 4017 803 4065 11
828 4006 1014 4067 sublimitatis
1040 4007 1228 4087 potissimum

145 4100 338 4150 consecutum
364 4110 450 4166 esse,
480 4089 625 4149 minorem
645 4108 718 4147 rero
742 4086 920 4170 diligentiam
941 4099 970 4147 et
991 4089 1022 4147 in
1043 4087 1228 4150 clahorandio

147 4167 284 4232 uersibus
303 4182 391 4251 atque
411 4169 443 4232 iu
465 4169 610 4235 semeonis
629 4167 740 4231 duritie
759 4167 876 4250 vitauda
894 4169 1063 4233 collocasse.
