2970 4808
268 321 331 380 116
593 316 750 399 Dialogus
774 320 812 398 de
837 315 1041 378 Oratoribus·

266 473 319 573 gis
343 453 571 545 mirarentur?
608 469 697 543 Satis
724 486 852 545 constat
878 500 940 545 nec
957 469 1109 544 Ciceroni
1128 467 1263 567 quidem
1282 466 1348 538 ob-

265 589 457 646 trectatores
477 570 644 660 defuisse,
671 570 795 670 quibus
821 570 954 644 inflatus
976 588 1006 643 et
1030 587 1161 647 tumens
1188 595 1248 640 nec
1265 566 1348 638 sotis

265 764 293 822 p.
315 742 343 799 X‘
362 762 405 819 sq.
436 739 603 799 Westerm.
625 740 662 800 G.
686 739 713 799 d.
735 762 759 800 r.
779 740 813 800 B.
834 740 862 823 ᾖ.
883 745 931 801 21.
961 738 1074 822 Meyer.
1096 738 1198 820 fragm.
1217 758 1247 817 p.
1267 740 1281 794 1
1301 757 1345 813 sq.

265 820 413 884 Ceterum
429 820 457 878 h.
479 820 497 878 Ι.
520 820 648 881 illustrat
664 822 770 884 Senec-
791 824 865 903 Epp.
889 824 955 882 114.
995 822 1088 881 Multi
1104 841 1142 879 eu·
1164 821 1260 877 alieno
1276 838 1346 874 sae-

263 906 326 964 culo
344 911 447 984 petunt
468 903 572 975 uerba,
601 903 751 963 duodecim
773 905 892 962 tabulas
912 905 1083 981 loquuntur:
1115 900 1267 960 Gracchus
1286 900 1346 956 illis

263 996 293 1045 et
313 985 439 1043 Crassus
459 993 487 1042 et
508 984 596 1043 Curio
624 987 710 1042 nimis
736 986 806 1045 culti
830 997 859 1045 et
885 996 1013 1044 recentes
1033 996 1116 1056 sunt,
1149 981 1193 1041 ad
1217 978 1344 1063 Appium

262 1087 350 1147 usque
370 1074 399 1123 et
419 1065 462 1124 ud
478 1065 693 1124 Coruncanium
714 1066 844 1126 redeunt.
1153 1112 1163 1125 2

344 1149 428 1205 Satis
448 1158 559 1207 forestut
586 1149 637 1209 uec
665 1135 797 1206 Cicei'oui
823 1144 939 1227 puiclem
959 1147 1172 1206 obtrectatores
1200 1139 1356 1283 defuisse}-

260 1228 321 1289 Pro
343 1248 396 1286 nec
412 1263 450 1274 -
467 1230 581 1311 quidem
603 1227 632 1285 in
651 1226 743 1287 Codd.
765 1230 851 1301 Foro.
873 1228 964 1307 (teste
979 1228 1151 1308 Schtunig.)
1171 1227 1236 1286 Par.
1255 1224 1313 1287 Vin
1336 1269 1344 1282 .

262 1322 291 1370 et
318 1309 392 1368 Edd.
419 1331 514 1388 nsque
541 1309 675 1368 ad'Ern.
705 1309 935 1368 emendationem
965 1331 980 1368 a
1004 1311 1138 1369 Gronov.
1170 1308 1199 1366 in
1229 1317 1343 1365 annott.

261 1389 489 1452 commendatam
516 1411 552 1447 ne
577 1424 609 1434 -
634 1390 748 1472 quidem
771 1389 860 1471 (Cod.
879 1392 964 1451 Furn.
990 1402 1066 1450 teste
1090 1385 1261 1466 Schrautio)
1294 1408 1344 1445 re-

262 1474 491 1554 ceperuntpErn.
513 1472 596 1530 Brut.
608 1483 739 1530 secentt.
760 1485 877 1552 praeter
897 1471 1009 1532 Dronk.
1028 1472 1138 1532 Osann.
1161 1473 1239 1549 Bop.
1254 1468 1343 1527 Bach.

260 1554 298 1614 11.
319 1565 418 1613 annot.
439 1554 475 1612 ad
495 1575 539 1632 cp.
563 1558 608 1610 10.
633 1585 668 1598 -
713 1552 781 1612 Non
810 1553 937 1613 defuisse
965 1552 1102 1613 Ciceroni
1130 1550 1344 1610 obtrecwtores

259 1634 432 1695 testimonio
454 1646 524 1693 sunt
544 1630 697 1694 Ciceronis
725 1634 817 1715 ipsius
839 1635 1022 1713 aliorumque
1048 1646 1119 1694 vett.
1141 1633 1253 1712 scriptt.
1275 1631 1343 1690 loci.

165 1774 167 1784 ,
235 1715 323 1776 ··Cie.
345 1718 434 1774 Tusc.
459 1718 495 1787 ΙΙ,
520 1719 547 1788 1,
568 1721 595 1773 3.
619 1715 656 1773 de
681 1727 741 1794 opt.
762 1737 828 1797 geu.
848 1737 891 1776 or.
912 1720 942 1788 4,
968 1722 1012 1775 11.
1032 1715 1136 1790 Quint.
1157 1717 1223 1789 ΧΙΙ,
1248 1720 1276 1787 1,
1292 1719 1342 1772 22.

185 1794 186 1803 ’
263 1798 392 1857 Transeo
416 1796 501 1866 illos,
536 1799 586 1876 qui
602 1797 744 1865 ‚Ciceroni
770 1818 808 1855 oc
836 1798 1030 1857 Demostheni
1053 1819 1090 1856 ne
1117 1802 1147 1855 in
1177 1797 1342 1878 eloquentia

259 1879 375 1961 quidem
390 1880 464 1936 sotis
479 1877 627 1937 tribuunt:
648 1899 816 1960 quanquam
832 1900 922 1961 neque
941 1883 999 1960 ipsi
1017 1878 1152 1939 Ciceroni
1165 1877 1343 1937 Demosthe-

258 1981 311 2020 nes
332 1959 467 2017 oideatur
485 1962 561 2018 satis
584 1979 646 2016 esse
668 1959 830 2038 perjectas,
862 1982 945 2042 quem
974 1961 1138 2020 dormitare
1158 1963 1274 2018 interim
1295 1958 1349 2033 oi-

260 2046 315 2108 cit,·
350 2061 402 2101 nec
422 2039 521 2099 Cicero
541 2040 634 2098 Bruto
657 2041 819 2122 Caluoque,
846 2047 896 2124 qui
913 2052 990 2102 certe
1011 2046 1242 2123 compositionem
1263 2041 1343 2098 illius

260 2126 351 2183 etiam
373 2120 454 2200 apud
473 2123 568 2201 ipsum
586 2123 816 2203 repreliendunt,·
846 2144 897 2197 nee
915 2123 1018 2183 Asinio
1039 2122 1170 2204 utrique,
1201 2125 1251 2204 qui
1269 2123 1344 2178 uitia

261 2206 403 2263 orationis
423 2206 485 2262 eius
506 2207 597 2261 etiam
618 2207 732 2263 inimice
748 2205 881 2284 plurilrus
901 2206 969 2265 loeis
983 2214 1203 2286 persequuntur.
1227 2201 1267 2261 lb.
1292 2207 1348 2275 10„

263 2290 301 2345 12
316 2286 410 2343 -14
440 2283 519 2343 unde
540 2284 611 2343 hoec
632 2285 780 2365 exscripsi.
821 2285 918 2366 Quem
937 2297 1037 2347 tamen
1057 2295 1087 2345 et
1106 2307 1223 2347 suorum
1246 2285 1342 2342 1111111-
1399 2340 1405 2347 „

260 2387 312 2425 nes
339 2376 501 2444 temporum
528 2369 670 2424 incessere
697 2367 847 2425 audebant
868 2377 901 2427 ut
928 2368 1114 2427 tumidiorem
1143 2378 1173 2426 et
1195 2366 1341 2424 Asianum

262 2458 291 2509 et
315 2446 530 2505 redundantem·
547 2458 575 2506 et
597 2449 815 2525 repetitionibus
830 2452 951 2507 nimium
966 2459 996 2506 et
1010 2452 1040 2507 in
1054 2449 1166 2508 salilrus
1181 2445 1340 2528 aliquando

253 2528 401 2608 frigidum
430 2539 460 2586 et
486 2531 516 2584 in
544 2532 749 2606 compositione
771 2528 922 2606 'fructuum
954 2532 1150 2590 exsultantem
1174 2550 1209 2588 ac
1234 2548 1341 2607 paene,

260 2610 338 2693 quod
354 2610 449 2682 absit,
473 2613 533 2667 oiro
549 2611 717 2688 molliorem.
756 2610 869 2671 Postea
883 2633 949 2669 cero
966 2632 1056 2691 quam
1073 2612 1251 2669 triumuirali
1268 2630 1340 2690 pro-

261 2695 415 2771 scriptione
435 2704 621 2772 consumptus
643 2704 702 2761 est,
729 2696 842 2771 passim
863 2697 914 2773 qui
932 2694 1072 2763 oderant,
1094 2697 1145 2774 oui
1163 2691 1339 2762 invidebant,

262 2776 313 2854 qui
337 2773 581 2845 aemulabantur,
607 2773 779 2833 adulatores
804 2778 895 2832 etiam
920 2778 1086 2853 praesentis
1110 2775 1261 2852 potentiae
1282 2794 1340 2830 non

264 2874 466 2934 responsurum
488 2857 664 2913 inooserunt.
704 2856 759 2914 llle
778 2866 894 2929 lamen,
924 2859 976 2937 qui
994 2859 1107 2914 ieiunus
1126 2876 1146 2912 a
1167 2853 1341 2935 quibusdam

136 2960 141 2964 ·
205 2940 218 2972 ἵ
236 2950 242 2961 “
263 2944 351 3017 atque
373 2934 478 2993 oriclrcs
496 2935 677 3008 labebatur,
703 2959 759 2997 non
785 2941 874 2997 aliter
891 2939 932 2995 *ab
952 2940 1023 3018 ipsis
1043 2939 1165 2996 inimicis
1185 2936 1263 2995 male
1283 2955 1339 2992 au·

228 3014 328 3075 “utre
348 3036 435 3098 pirum
455 3010 553 3074 niuriis
563 3010 740 3099 floribuset
761 3024 872 3093 ingenii
886 3018 1042 3101 affluentia
1059 3023 1222 3099 [1011111.-
1241 3015 1343 3093 Prae-¹

184 3128 196 3169 χ
258 3102 345 3177 ‘cipue
366 3118 431 3156 oero
447 3109 616 3179 presserunt
636 3120 717 3170 eune,
740 3105 792 3179 qui
810 3088 905 3163 uideri
913 3101 1077 3160 Atticorum
1092 3103 1257 3158 imitatores
1269 3117 1339 3154 con·
1416 3138 1421 3143 -

264 3182 424 3258 cupierant.
453 3177 494 3239 lb.
517 3180 568 3251 ΙΧ,
591 3183 622 3261 fi,
647 3186 673 3239 1.
693 3179 763 3259 ibiq.
784 3181 881 3262 Spald.
923 3184 1043 3241 Asinius
1064 3181 1172 3254 Pollio,
1194 3178 1340 3238 obtrecta-

265 3272 315 3319 tor
333 3259 458 3319 aliorum
479 3280 598 3339 qnoque
617 3261 794 3343 scriptorum
818 3275 852 3322 ut
872 3261 1015 3336 Caesaris,
1035 3265 1192 3324 acerrimus
1214 3259 1270 3319 snit
1287 3256 1339 3319 Ci-
1404 3268 1406 3275 '

233 3386 236 3389 .
267 3341 382 3401 coronis
406 3341 452 3399 vd.
474 3343 586 3424 Meyer.
606 3342 707 3423 fragm.
729 3356 816 3402 01111.
836 3367 862 3425 p.
884 3351 952 3404 211.
974 3346 1118 3405 Schirlitc.
1134 3339 1292 3404 Vorschnl.
1315 3361 1340 3422 c.

268 3420 362 3483 Cicer.
383 3436 411 3516 p'.
434 3424 645 3501 244.‘Hancl.¹
659 3424 764 3483 Lehrb.
786 3426 813 3483 d.
834 3427 895 3497 Lat.
916 3427 987 3486 Stils
1008 3450 1036 3507 p.
1059 3434 1107 3486 58.
1128 3427 1181 3485 Ed.
1203 3427 1241 3483 1:
1269 3422 1339 3481 item

267 3503 330 3562 eius
351 3501 429 3561 filius
449 3502 570 3561 Asinius
592 3505 711 3577 Gallus,
741 3519 842 3565 orator
862 3507 975 3583 1111113,
1004 3520 1106 3567 contro
1133 3507 1216 3566 cuius
1245 3503 1339 3562 libros

268 3585 304 3643 de
324 3606 383 3643 com
404 3587 540 3643 aratione
563 3589 662 3664 patris
690 3597 719 3647 et
741 3586 886 3648 Ciceronis
908 3588 1046 3649 Claudius
1076 3592 1234 3668 lmpecntor
1254 3582 1340 3643 Cice-

268 3665 350 3723 ronis
371 3607 572 3724 ‹iiiensionern
592 3666 660 3726 satis
682 3669 823 3727 eruditam
845 3673 1011 3751 composuit
1032 3671 1078 3730 vd.
1099 3670 1222 3726 Sueten.
1238 3661 1340 3724 Claud.

269 3745 414 3808 411111.
438 3747 511 3826 Epp.
534 3748 599 3821 Vll,
622 3751 652 3823 4,
674 3752 702 3808 4.
731 3748 799 3829 ibiq.
823 3751 905 3810 Gier.
946 3753 1066 3810 Praeter
1092 3748 1171 3809 hunc
1191 3745 1255 3807 eius
1284 3745 1338 3805 ob-

268 3836 412 3885 trectator
429 3825 485 3882 luit
509 3827 639 3902 Largius
657 3829 806 3906 Licinius,
836 3832 918 3891 cuins
946 3831 1022 3891 liber
1042 3831 1256 3890 Ciceromastix
1277 3825 1338 3886 ier-

268 3914 320 3967 1ur
336 3928 363 3964 v.
380 3905 668 3984 6111111111,
689 3915 712 3969 1.
752 3912 828 3971 Turn
843 3911 938 3989 Rufus
959 3912 1073 3991 qnidam
1091 3933 1136 3991 ap.
1156 3914 1256 3971 iuven.
1272 3909 1337 3982 Vll,

268 3993 328 4048 213
341 3998 371 4046 et
387 3990 432 4048 14.
462 3989 525 4046 Seu
537 3989 646 4067 Rufum
668 4003 757 4072 atcpue
777 3996 852 4053 alius
866 3995 965 4053 caedit
981 4014 1035 4052 sua
1055 4014 1183 4075 peraeque
1197 3996 1338 4062 iuuentus,

267 4067 397 4145 Rufum,
424 4072 475 4152 qui
501 4074 589 4129 toties
616 4066 782 4133 Ciceronem
810 4075 971 4148 Allobroga
999 4074 1085 4133 dixit.
1111 4074 1180 4153 ibiq.
1209 4075 1286 4153 Rup.
1308 4083 1338 4130 11

268 4148 371 4232 lleinr.
398 4148 473 4229 111111.
495 4151 638 4211 Ammian.
661 4154 788 4221 Marcell.
806 4156 898 4229 xxti,
922 4162 968 4215 16.
993 4156 1029 4214 de
1048 4156 1176 4237 llidymo
1197 4154 1338 4212 Clcalcen-

267 4240 352 4292 iero:
377 4233 428 4312 spui
445 4232 475 4289 in
494 4232 554 4291 illis
572 4253 626 4291 seu·
647 4228 746 4307 litiis,
775 4236 825 4294 uli
835 4230 838 4235 ¹
852 4259 1058 4318 nonnunquam
1078 4230 1248 4317 imperfecte
1269 4233 1338 4292 Tul-
