2970 4808
565 283 643 370 Cup.
665 285 743 348 XX.
813 378 818 391 Ι
864 330 868 337 .
1135 286 1198 347 133

107 454 142 512 et
167 438 459 557 pulchritudinem
474 440 666 529 orationis,
702 468 764 512 nec
788 416 898 537 nugis
927 436 1051 540 perfert
1079 438 1116 517 iu,
1142 441 1196 514 iu-

107 538 211 612 dictis
237 541 368 613 tristem
395 532 611 640 et'iurpexam
633 537 862 639 antiquitatem
889 566 988 639 quam
1011 539 1039 610 si
1063 538 1139 639 quis
1159 541 1193 613 in

105 662 211 711 scena
239 656 299 712 aut
321 637 437 713 Roscii
463 654 520 712 aut
542 639 736 739 Turpionis
751 636 899 711 Ambivii
928 638 1112 739 exprimere
1136 666 1195 736 ge-

103 791 135 852 in
146 794 278 874 aliquem
290 794 389 857 locum
401 795 597 857 conveniente
608 796 654 856 rel
665 794 797 875 undique
807 802 979 853 accurrente
990 793 1195 874 frequentatur

103 894 121 935 a
142 875 239 935 'lacit
261 878 312 936 vd.
332 878 480 939 Boettich.
500 881 569 938 Lex.
590 879 659 939 Tne.
677 899 703 936 s.
724 899 752 935 v.
799 875 878 933 Anu.
897 879 949 950 lv,
968 879 1017 935 41.
1039 875 1195 936 multitudo

104 956 309 1038 effluentium.
329 965 407 1035 xlv,
430 967 457 1019 8.
489 959 614 1043 affluere
641 964 741 1034 ingens
762 955 917 1016 multitudo
944 976 1010 1015 rum
1031 958 1194 1017 luminibus.

104 1039 153 1098 Ex
178 1038 302 1099 Schulz.
322 1040 476 1122 interpret.
496 1039 624 1124 affluens
642 1051 671 1101 et
690 1059 781 1114 uagus
803 1037 926 1097 auditor
947 1048 993 1096 est
1015 1036 1057 1110 is,
1088 1038 1139 1119 qui
1159 1039 1194 1098 nd

104 1141 251 1181 eoronam
272 1121 525 1183 circumstantium
546 1136 657 1184 temere
676 1119 787 1182 accedit
802 1131 839 1181 et.
851 1118 887 1178 ab
910 1139 943 1179 ea
958 1117 1089 1179 discedit.
1127 1122 1194 1180 Huc

103 1203 240 1283 pertinet
260 1201 346 1264 locus
370 1205 406 1267 de
425 1205 609 1265 auditoribus
639 1200 743 1279 Quint.
763 1203 813 1275 ut,
832 1202 863 1276 4,
887 1204 915 1259 6.
964 1200 1026 1280 Qui
1040 1222 1116 1283 ¹coro
1141 1202 1194 1259 de-

41 1351 51 1374 ’
94 1281 248 1364 fundunt,
277 1289 342 1345 tria
349 1284 470 1365 faciunt
489 1308 601 1362 genera
621 1287 809 1345 antidonem:
830 1303 934 1356 unum,
955 1281 1035 1363 quod
1052 1282 1096 1341 ael
1115 1282 1194 1342 ‹lele-

104 1370 272 1427 orationem
292 1371 453 1441 conueniat,
474 1370 614 1445 aiterum,
635 1368 714 1450 quod
733 1365 885 1425 consilinm
900 1366 1041 1444 occipiat,
1062 1368 1194 1440 tertium,
1231 1404 1234 1412 .

38 1442 41 1453 .
103 1447 188 1530 qnod
208 1448 247 1507 de
273 1454 372 1508 causis
392 1450 510 1510 indicet.
1107 1456 1110 1459 ’
1175 1459 1177 1463 ’

183 1526 302 1610 perfert
322 1534 351 1589 in
371 1532 485 1591 iudiciis
510 1535 625 1591 tristem
646 1539 674 1589 et
693 1533 844 1609 impexum
875 1525 1098 1609 antiquitatem]
1132 1516 1239 1633 1]ηῆ

101 1628 221 1691 pexus,
245 1613 357 1691 quoda
377 1614 473 1693 poetis
493 1623 655 1693 usurpatur
676 1612 712 1670 de
733 1609 862 1691 capillis,
883 1608 941 1668 lnoc
961 1628 1022 1667 uno
1043 1607 1113 1667 loco
1131 1629 1193 1667 nic-

103 1702 224 1776 tonym.
254 1694 452 1774 positumde
478 1693 613 1763 oratione
635 1704 680 1752 est
699 1693 871 1765 inornatus,
903 1686 1079 1769 incomptus.
1130 1687 1191 1751 Cic.

106 1773 193 1832 Orat.
215 1781 268 1851 23,
291 1781 339 1835 73.
389 1774 469 1836 Nam
492 1785 525 1834 nt
554 1798 602 1834 mu
615 1778 691 1833 iores
719 1794 782 1832 esse
809 1772 944 1831 dicuntur
963 1773 1118 1830 nonnullae
1144 1776 1189 1830 in-

104 1865 255 1929 ornatae,
284 1876 357 1938 quos
380 1856 412 1916 id
432 1854 527 1939 ipsum
547 1857 668 1917 decent:
694 1858 737 1914 sic
755 1855 830 1913 laneo
850 1853 965 1911 sndtilis
979 1857 1081 1924 oratio
1101 1857 1193 1913 etium

104 1939 262 2017 incompto
290 1938 427 1996 delectu.
476 1940 601 1998 Auctor.
626 1937 662 1996 ad
692 1939 822 1996 Herenn.
845 1939 895 2008 lv,
919 1939 967 1994 31.
996 1935 1077 1993 nuda
1104 1946 1192 2019 utque

104 2021 252 2078 inor-nutu
280 2023 413 2078 inuentis.
463 2018 513 2079 Sic
533 2019 602 2079 inlr.
623 2019 704 2078 Attii
722 2028 777 2080 aut
790 2018 919 2077 Pacuuii
931 2026 1072 2076 veternus.
1100 2013 1192 2075 Corn-

104 2097 205 2179 parari
227 2110 327 2181 potest
348 2103 481 2182 impexos
502 2121 526 2161 c.
548 2102 602 2160 Gr.
631 2102 772 2174 smerdis
798 2120 843 2179 ap.
864 2092 990 2179 Longin.
1012 2098 1078 2171 XV,
1100 2103 1128 2156 5.
1155 2099 1193 2159 de

106 2180 282 2263 Aeschylo:
315 2187 392 2241 latore
413 2188 498 2257 μένιοι
522 2180 730 2260 dnntspyniorooc
756 2193 800 2242 eut
822 2190 901 2240 olunt
926 2186 1070 2247 smerdeic
1089 2184 1135 2247 τὰς
1153 2186 1193 2238 in-

106 2271 184 2330 vntus
210 2274 255 2321 not
280 2264 452 2337 «ιῖμιιιλαίκτουςν
475 2270 606 2342 φέροντος.
656 2265 728 2323 Ero.
756 2264 825 2322 lux.
852 2259 1035 2321 reclutit.
1066 2282 1093 2341 p.
1124 2266 1192 2324 143.

106 2361 172 2402 non
186 2341 318 2403 debebat
339 2344 476 2405 conferre
494 2366 521 2406 r.
540 2346 655 2405 εὗπίνεια
677 2366 743 2406 cunr
766 2345 879 2424 impexa
897 2340 1086 2422 antiquitate,
1109 2343 1191 2422 qrrod

107 2421 140 2482 iu
161 2422 269 2485 bonam
297 2423 360 2485 lere
388 2437 499 2507 partem
527 2427 654 2501 dicitur,
683 2426 760 2486 sicut
788 2428 967 2504 deponendis,
995 2427 1191 2502 ἀρχαιοπρεπᾶς
1265 2457 1271 2465 -

107 2505 139 2564 et
160 2508 346 2582 ἀρχαιολογεῖν
366 2507 412 2566 vd.
435 2509 505 2566 Ern.
523 2507 541 2567 Ι.
558 2508 595 2583 1.,
616 2509 667 2568 sed
690 2508 791 2588 potius
816 2529 863 2567 vv.
882 2519 956 2572 nour
975 2504 1038 2586 (vd.
1061 2505 1190 2586 Dionys.
1279 2532 1284 2549 .

106 2586 204 2645 Balio.
226 2587 261 2645 de
283 2585 387 2667 Comp.
410 2609 439 2670 p.
460 2595 529 2648 300.
552 2590 596 2649 ed.
616 2588 745 2670 Scluael.)
765 2599 797 2648 et
817 2584 994 2666 ἆρχὰιοπινός.
1034 2586 1065 2645 A·
1084 2587 1189 2661 Quint.

104 2670 144 2743 11,
168 2673 200 2743 5,
222 2673 271 2727 23.
293 2669 375 2727 rudis
393 2672 509 2728 emenii
525 2673 658 2753 squalori
675 2668 839 2751 opponitur
858 2664 958 2728 noster
977 2668 1149 2727 lniornltns.

194 2752 225 2807 in
243 2769 334 2809 sceno
357 2760 411 2810 out
438 2752 541 2811 Roscii
566 2764 620 2811 unt
651 2753 805 2834 Turpionis
828 2747 974 2830 Ambivii]
1002 2747 1076 2809 Cot.
1103 2751 1190 2811 Facu.

106 2848 249 2906 erenum,
270 2827 344 2891 Cod.
366 2831 454 2891 Vinci.
478 2853 570 2906 ceno,
598 2836 662 2894 Par.
683 2854 789 2906 sceno,
816 2844 851 2891 ut
871 2831 963 2913 prima
982 2830 1115 2890 exhibuit
1134 2832 1189 2891 Ed.
1254 2871 1259 2889 .

105 2910 173 2972 Alc.
188 2931 244 2991 pro
260 2931 351 2972 noenu
366 2911 396 2971 in
411 2913 503 2994 prior.
513 2915 601 2987 Edd.;
625 2927 679 2975 not
688 2916 842 2994 Turpionis
856 2926 910 2974 unt
917 2913 1047 2973 Ambivii
1055 2911 1147 2973 Codd.
1158 2924 1189 2974 et

104 3004 179 3052 vett.
201 2993 273 3051 Edd.
304 3004 445 3057 arctante
470 2996 602 3055 Ambivii
621 3020 687 3058 cunr
714 2997 793 3078 Lips.
820 2996 992 3068 deleverunt
1012 3016 1092 3075 seqq.
1113 2996 1187 3056 See-

104 3073 174 3133 bod.
206 3073 319 3134 Dronlr.
357 3086 387 3134 ot
415 3076 526 3136 Osann.
561 3089 615 3137 out
641 3081 745 3138 Roscii
770 3083 838 3137 out*
854 3077 1009 3161 Turpionis
1036 3076 1187 3153 exhibent,

105 3154 188 3235 quod
211 3166 362 3236 receptum
382 3176 399 3215 a
418 3158 506 3218 Bacis.
527 3159 683 3239 probatum
703 3171 749 3219 est
762 3159 1043 3238 Boetticlt.‘quoque
1063 3169 1093 3217 et
1108 3152 1187 3219 ectr-

105 3237 193 3296 stein.
221 3236 254 3295 in
271 3248 386 3295 annott.
409 3272 443 3284 -
502 3241 538 3320 (l.
561 3242 682 3300 Roscius
704 3241 825 3312 Gallus,
854 3239 977 3298 Lanuvii
1003 3251 1088 3298 natus
1117 3243 1187 3298 625.

103 3319 143 3377 U.
166 3316 201 3378 C.
222 3328 253 3376 et
271 3329 361 3375 rnort.
383 3323 470 3391 693..
515 3322 547 3380 1..
570 3322 668 3383 Sullae
695 3319 1043 3393 dictatorihearissimnh
1071 3339 1186 3382 amores

103 3419 138 3459 ac
161 3397 281 3457 deliciae
311 3394 483 3479 Ciceronis,
514 3402 565 3482 qui
595 3424 661 3463 euru
681 3400 868 3462 ‘declamandi
893 3413 1112 3481 praeceptorem
1134 3400 1187 3460 ha·
1245 3400 1250 3409 '

102 3479 171 3539 buit
193 3489 224 3538 et
243 3478 398 3554 oratione,
427 3502 500 3560 quae
528 3497 639 3559 exstat,
664 3483 813 3558 defendit,
843 3500 973 3542 summus
1000 3481 1058 3541 luit
1082 3483 1185 3544 aetatis

105 3581 177 3621 suae
197 3559 300 3619 artilex
321 3562 473 3638 scenicus3
504 3565 554 3644 qui
577 3562 730 3629 excellenti
749 3578 812 3625 arte
832 3586 865 3625 ac
885 3575 1040 3624 venustate
1060 3563 1090 3623 id
1112 3585 1186 3623 con-

41 3716 52 3725 *
105 3653 225 3702 secutus
248 3651 329 3715 erat,
350 3645 434 3702 utin
455 3666 515 3724 quo
536 3647 660 3727 quisque
680 3646 805 3707 artificio
827 3645 1000 3718 excelleret,
1029 3640 1107 3704 isin
1128 3665 1185 3704 suo
1262 3696 1264 3701 .

105 3743 214 3806 genere
233 3722 360 3782 Ros‘cius
380 3724 536 3786 diceretur.
575 3729 702 3810 Scripsit
721 3727 839 3801 librum,
861 3727 892 3785 in
913 3747 973 3806 qno
989 3726 1186 3806 eloquentiam

99 3825 171 3863 >eoru
199 3802 354 3863 histrionia
381 3808 568 3889 comparavit.
595 3811 643 3868 ud.
672 3809 801 3870 Macrob.
828 3808 888 3867 Sat.
914 3812 964 3882 n„
983 3813 1030 3867 1o.
1071 3804 1185 3883 Quanti

66 3927 67 3930 η
106 3882 213 3946 Cicero
239 3882 343 3947 lecerit
373 3885 435 3946 eius
463 3901 555 3951 artent
584 3891 716 3951 maximis
743 3889 875 3949 laudibus
906 3888 1095 3962 celebratam,
1126 3909 1184 3969 qua

104 3965 262 4047 plurimum
282 3965 313 4024 in
333 3965 500 4047 eloquentia
522 3992 554 4031 se
573 3973 736 4053 proiecisse
756 3972 930 4050 profitetur,
950 3969 1128 4053 intelligitur
1146 3982 1183 4029 er

105 4046 205 4108 multis
226 4046 320 4107 locist
342 4047 377 4106 de
399 4049 482 4110 Orat.
498 4054 522 4126 l,
542 4058 588 4128 18,
605 4059 661 4113 129
676 4066 706 4113 et
727 4052 793 4112 130.
810 4057 861 4128 59,
880 4056 950 4111 251.
970 4055 1020 4126 111,
1040 4057 1091 4127 26,
1115 4050 1199 4113 102.’

105 4150 152 4210 pr.
178 4127 267 4188 Arcls.
289 4132 319 4187 8.
345 4130 429 4190 Brut.
458 4134 509 4207 84,
539 4140 607 4194 290.
640 4147 695 4194 etc.
722 4135 768 4193 vd.
797 4133 952 4194 Orromast.
979 4131 1058 4192 Tull.
1083 4133 1116 4191 P.
1147 4134 1181 4191 11.
1247 4151 1251 4158 ’
1292 4182 1295 4193 ,

32 4260 46 4285 ι
105 4230 134 4291 p·
154 4212 224 4291 514.
237 4208 287 4271 ed.
308 4209 403 4271 Orell.
422 4221 454 4273 et
473 4212 549 4276 Bait.
564 4215 717 4281 Wicleud·
736 4204 768 4276 et
788 4214 972 4275 senuissao
986 4214 1090 4275 fluunt.
1107 4214 1182 4297 Epp.
