2970 4808
611 285 690 372 Cap.
714 285 794 351 XV.
834 324 839 329 ·
1197 291 1239 354 91

578 437 610 496 (i
627 436 707 510 η.
741 438 837 499 XV·⁴

257 556 346 628 Tum
372 556 484 655 Aper,
510 555 586 627 Non
608 554 753 648 desinis,
781 555 956 647 Messalla,
983 573 1092 631 vetera
1115 573 1243 631 tuntum

159 671 192 729 et
217 657 354 754 antiqua
379 654 511 743 mirari,
546 652 739 728 nostroruni
770 674 878 730 autem
910 674 1098 757 temporum
1132 657 1245 731 studia

129 754 301 828 xirridere
333 771 432 853 atque
466 757 700 828 contemnere?
757 758 842 829 Nam
876 756 965 830 hunc
993 776 1087 831 tuum
1116 782 1245 829 sermu-

159 881 237 925 nem
264 858 363 968 sa'epe
389 853 521 952 excepi,
539 864 659 952 ‘quum
693 854 817 927 oblitus
844 871 875 928 et
899 871 980 927 tuae
1001 872 1033 928 et
1058 856 1170 929 fratris
1195 855 1245 930 tui

161 951 219 1026 elo
239 970 369 1025 uentrae
401 952 567 1024 neminem
599 950 663 1026 hoc
692 971 842 1055 tempore
868 970 1033 1027 oratorem
1065 983 1139 1028 esse
1164 982 1245 1028 rou:

160 981 334 1138 tenderes,
360 1069 460 1151 atquc
486 1050 523 1123 id
548 1079 588 1125 eo
614 1053 715 1126 credo
741 1052 922 1140 audacius,
948 1053 1041 1152 quod
1058 1053 1247 1150 malignita-

161 1150 422 1250 tisopinionem
445 1179 514 1223 non
540 1151 720 1253 serebatis,
771 1180 851 1226 uum
876 1152 1123 1248 eamgloriam,
1170 1156 1246 1228 uam

159 1249 224 1321 tibi
249 1248 304 1322 alii
328 1249 534 1338 concedunt,
559 1250 633 1352 ipse
657 1253 720 1326 tibi
746 1181 940 1349 denegares.
993 1255 1112 1352 Neque
1145 1178 1248 1339 iilius,

158 1380 246 1479 iaec
261 1417 340 1478 utin.
355 1420 429 1500 Epp.
451 1421 504 1496 tx,
526 1426 557 1494 2,
575 1425 615 1495 8.,
634 1420 672 1480 de
687 1420 858 1483 rhetoribus
873 1417 982 1481 dicitur
1000 1419 1118 1504 Dialog.
1136 1424 1183 1482 15.
1197 1382 1246 1483 26.

162 1502 213 1561 35.
234 1502 284 1559 42.
304 1500 386 1560 Suet.
407 1500 496 1560 tthec
517 1507 544 1561 6.
565 1501 669 1577 Quint.
691 1504 757 1577 Xll,
780 1507 828 1576 11,
851 1507 898 1561 16.

224 1593 297 1675 Cap.
318 1597 383 1655 xV.
427 1597 493 1658 Non
515 1597 641 1674 desinis,
662 1601 822 1673 Messalla,
852 1611 952 1662 uetera
972 1610 1088 1661 tantum
1118 1607 1149 1658 et
1168 1595 1257 1684 σῆμ’,

161 1693 222 1762 qua
241 1676 365 1759 mirari]
392 1678 467 1739 Dial.
491 1685 536 1739 18.
558 1683 627 1738 uitio
649 1692 749 1742 autem
765 1679 971 1760 mulieritatii'
981 1682 1130 1741 humanae
1148 1690 1248 1739 veteru
1263 1677 1305 1839 J

162 1778 277 1838 semper
297 1762 327 1818 in
348 1760 453 1833 laude}
470 1766 641 1844 praesentia
661 1767 691 1822 in
703 1761 832 1840 fastidio
850 1784 920 1823 esse.
955 1762 1033 1821 Anu.
1050 1763 1085 1834 ll,
1106 1759 1247 1819 88.-dum

164 1842 471 1917 veterasceremus,
494 1847 649 1905 recentium
671 1848 815 1905 incuriosi.
837 1847 887 1920 ΙΙΙ,
907 1848 956 1904 55.
979 1864 1030 1903 uec
1047 1845 1148 1903 omniu
1167 1840 1263 1922 opud'

160 1924 275 2002 priores
288 1925 422 1996 meliora,
443 1925 497 1983 sed
516 1934 617 1984 nostra
639 1946 747 2009 quoque
763 1936 851 1985 oetas
869 1928 963 1986 multe
979 1925 1077 1985 laudis
1091 1933 1120 1982 et
1138 1926 1248 1982 artium

36 2006 39 2011 “
163 2004 311 2062 imitando
327 2010 454 2086 posteris
472 2008 547 2067 tulit.
568 2006 667 2087 Agr-ie.
684 2012 711 2081 1,
730 2007 798 2088 ibiq,
815 2007 935 2067 Walch.
962 2008 1066 2067 Horat.
1081 2004 1146 2064 Art.
1168 2016 1248 2086 poet.

164 2104 193 2145 v.
217 2089 284 2147 173.
312 2087 453 2146 laudator
474 2087 616 2168 tempoiis
640 2092 701 2148 aeti
724 2109 874 2169 sepsere.
903 2087 978 2149 Plio.
1005 2088 1079 2171 Epp.
1100 2088 1123 2160 1,
1152 2091 1199 2160 16,
1220 2091 1250 2146 8.

164 2163 266 2247 Neque
283 2171 359 2230 ertu
380 2169 464 2229 dedet
481 2171 617 2249 operibus
637 2174 699 2230 eius
718 2172 835 2246 obesse,
860 2171 937 2257 quod
957 2174 1032 2228 uiuit.
1069 2166 1118 2227 An
1131 2170 1159 2225 si
1172 2170 1249 2230 inter

166 2265 234 2320 eos,
256 2270 325 2334 quos
345 2271 489 2335 uunquam
510 2251 651 2324 vidimus,
672 2251 843 2333 floruisset,
871 2273 927 2312 uon
949 2253 1047 2313 solum
1067 2251 1155 2309 libros
1175 2251 1250 2322 erus,

167 2344 266 2387 uerum
285 2334 374 2394 etiam
395 2336 538 2407 imagines
553 2336 800 2417 conquireremw
824 2333 952 2397 eiusdem
969 2353 1043 2392 nune
1057 2329 1148 2393 donor
1157 2349 1251 2411 prae-

164 2413 257 2471 sentis
286 2423 316 2472 et
340 2418 443 2487 gratia
468 2417 555 2495 quusi
570 2417 712 2475 satietate
731 2416 904 2486 languescet.
927 2416 977 2488 Vl,
1000 2418 1048 2472 21.
1069 2412 1132 2471 init.
1175 2412 1249 2474 Sunt

167 2510 206 2548 coe
234 2495 287 2566 iis,
311 2498 368 2573 ,qui
395 2498 485 2554 mirer
513 2498 663 2579 antiquos:
690 2506 866 2559 nontamen
887 2505 919 2559 ut
939 2495 1063 2577 quidum
1085 2505 1250 2577 temporum

165 2581 327 2634 nostrorum
349 2580 467 2651 ingenia
486 2577 621 2656 despicio.
741 2614 747 2628 ·

246 2652 358 2731 fratris
391 2655 451 2738 tui]
494 2658 563 2719 Fuit
589 2658 632 2717 M.
663 2656 798 2745 Aquilius
833 2660 977 2735 Regulus,
1017 2654 1180 2719 causidicus
1220 2663 1253 2715 et

166 2731 279 2794 delator
306 2735 559 2819 improbissimus,
597 2737 648 2837 qui
674 2740 730 2799 sub
753 2741 874 2801 Nerone
899 2753 930 2799 ct
949 2739 1119 2811 Domitiano
1149 2733 1250 2796 multis

165 2812 252 2876 bouis
287 2817 358 2878 viris
386 2820 529 2895 exitium,
558 2820 615 2885 sibu
635 2841 708 2880 vero
738 2821 948 2882 hereditatibus
978 2819 1098 2901 captatis
1129 2817 1253 2897 aliisque

165 2897 264 3037 pravis
284 2900 394 2961 artibus
423 2902 558 2962 maximas
586 2900 702 2968 divitias
723 2914 882 2984 paraverat.
924 2902 1083 2976 APlinio,
1104 2899 1155 2980 qui
1176 2900 1249 2983 Epp.

181 2986 240 3051 ,5.
263 2982 298 3056 ΙΙ,
323 2986 507 3043 2111116.
538 3004 605 3044 eum
629 2984 779 3045 hominem
801 2983 1063 3066 flagitiosissimum
1085 2980 1252 3064 descripsit,

166 3059 307 3121 Martialis
329 3063 484 3139 dissentit,
516 3086 613 3145 aquo
635 3065 736 3148 Epigr.
761 3069 784 3140 Ι,
811 3071 1014 3126 1181112.
1044 3063 1191 3135 virtutes,
1223 3072 1255 3120 et

167 3141 218 3215 tr,
239 3147 285 3201 16.
305 3143 475 3225 eloquentia
489 3146 553 3205 eius
563 3145 714 3206 Tullianae
728 3142 917 3229 praeferenda
934 3146 1136 3215 celebrantur;
1153 3143 1256 3220 deque
1334 3142 1338 3151 '

166 3221 351 3285 dissensione
368 3227 409 3290 cl.
426 3226 540 3310 Gierig.
557 3228 591 3287 ad
607 3227 682 3286 Piin.
696 3229 771 3307 Epp.
787 3230 810 3303 Ι,
831 3233 860 3292 5.
882 3230 901 3286 l.
918 3227 1004 3287 Held.
1027 3225 1075 3285 iib.
1094 3225 1121 3282 d.
1139 3221 1253 3285 Werth
1276 3300 1279 3308 ⁴

133 3362 136 3368 ,
168 3302 222 3362 der
250 3305 497 3391 Brielsammlung
523 3309 550 3367 d.
572 3307 684 3367 Plinius
705 3330 733 3389 p.
755 3313 803 3367 38.
837 3309 905 3367 Tac.
927 3308 1004 3370 Hist.
1026 3308 1145 3381 1V,42.
1181 3306 1255 3362 Mo-

165 3403 256 3457 gnum
277 3405 311 3443 eo
333 3385 380 3448 dte
398 3392 520 3469 pietatis
544 3390 776 3478 eloquentiaeque
788 3386 910 3467 sarnum
931 3386 1088 3468 lipsienses
1108 3385 1254 3448 Mersella

168 3463 293 3542 adeptus
312 3479 375 3542 est,
391 3469 522 3537 ‘nondum
541 3473 693 3528 senatorio
713 3480 814 3530 aetate
833 3490 922 3533 ausus
939 3492 995 3550 pro
1008 3468 1112 3548 fratre
1133 3466 1252 3551 Aquilio

167 3545 282 3619 Regulo
299 3547 336 3607 de
355 3553 463 3608 recori.
484 3585 521 3595 -
562 3551 659 3625 Igitur
677 3551 822 3615 Messalla
841 3573 898 3609 non
919 3571 1041 3611 eausam
1062 3568 1153 3635 neque
1173 3567 1257 3613 reum

167 3630 260 3699 tueri,
287 3572 355 3693 sedJ
368 3633 505 3713 periculis
524 3630 637 3711 fratris
667 3643 760 3693 semet
785 3653 928 3715 opponens
946 3633 1084 3714 flexerat
1102 3628 1256 3717 quosdam.
1343 3678 1351 3686 ,

168 3707 310 3768 Occurrit
328 3711 480 3772 Messallae
506 3712 585 3777 truci
609 3713 750 3775 oratione
768 3711 890 3780 Curtius
912 3715 1072 3790 Montanus
1093 3710 1125 3772 in
1145 3708 1257 3773 scelera

167 3789 275 3871 tteguti
295 3793 435 3856 acerrime
451 3794 595 3859 invectus.

247 3883 335 3963 atque
364 3876 397 3940 id
424 3896 475 3949 eo,
504 3872 607 3948 credo,
634 3874 797 3949 audaeus,
824 3874 902 3964 quod
930 3875 1125 3950 malignitatis
1143 3874 1256 3954 uptirlov

167 3971 233 4013 uem
253 3975 309 4019 non
330 3955 493 4039 verebaris]
528 3960 655 4043 antiquis
676 3977 711 4015 ee
739 3956 826 4017 creata
850 3957 1009 4027 audacius,
1035 3954 1115 4045 quod
1134 3955 1260 4028 maligni

169 4035 199 4095 iu
218 4038 256 4100 iis
271 4034 365 4096 Codd.
386 4038 471 4098 Fam.
490 4039 606 4100 'Vaticn
620 4037 680 4101 nisi
697 4038 778 4118 quod
801 4042 889 4103 1818.
909 4040 1081 4112 meligneio
1101 4039 1155 4104 iis5
1176 4037 1258 4094 anti«

187 4136 233 4174 urs
253 4137 287 4175 eo
309 4118 398 4179 eredo
426 4120 586 4195 audatius,
613 4119 694 4200 quod
722 4121 869 4195 malignus
894 4121 942 4180 leis
968 4116 1063 4180 codd.
1082 4117 1147 4177 Par.
1169 4115 1257 4177 vest.

181 4195 191 4212 U

215 4196 316 4283 ,Spin
337 4204 475 4288 antiquis,
494 4222 557 4266 esse
570 4200 665 4267 eredis
684 4201 914 4290 audaciusque
933 4201 1128 4281 mols'eeitatis
1139 4196 1253 4269 ahons
1347 4272 1351 4283 ,
