2968 4810
1140 180 1145 211 l

601 206 681 319 o...
701 234 764 303 nr.
816 260 820 265 ·
884 287 887 295 .
1146 242 1221 327 ,ιτ

134 411 336 479 consumas,·.
351 412 455 491 quum
473 404 570 471 tetot
588 389 925 483 anticorum-causae,
948 404 997 461 tot
1015 387 1223 477 'coloniarum

134 510 166 566 et
186 489 447 591 municipiorum
469 488 639 562 clientelae
664 490 698 561 in
725 490 838 559 sorum
859 504 995 574 vocent,
1023 488 1220 588 quibusflvix

134 591 333 676 suffeceris,
368 572 589 661 etiamstlon
616 614 738 659 novum
764 584 826 687 tibi
852 585 862 656 i
889 612 925 657 sc
959 588 1130 682 negotium
1157 591 1221 661 im-

852 613 887 755 il)
900 700 949 757 est
974 703 1106 793 nostras
1133 716 1219 787 quo·

132 706 326 790 portasses,
360 686 545 759 Domitium
572 695 604 758 'ct
628 687 807 771 Catonem,
837 684 848 755 i

133 855 240 931 Quint.
264 877 292 936 p.
307 856 399 914 xxti.
418 854 496 935 apud
516 846 619 915 histin.
642 855 679 929 ll,
706 857 752 912 10.
784 849 1015 934 ¹Artaphernem
1028 887 1070 902 -·
1085 854 1218 916 Xerxem

131 937 203 1016 iniq.
225 935 352 1021 Beneck.
448 944 458 1001 j
708 962 711 967 '
964 928 969 935 ¹
1006 948 1029 973 ·'
1140 952 1143 957 ’

119 1021 124 1031 ’
208 1022 305 1113 θᾳιιιςνη
330 1044 361 1093 to
380 1068 420 1082 -
438 1040 493 1091 'lul
519 1032 701 1095 coloniarum
733 1040 763 1099 et
785 1033 1014 1113 'municipiorum
1044 1026 1217 1117 clientelae]

133 1116 161 1177 E
179 1111 358 1176 Cod.'Farn.
379 1123 409 1172 te
425 1113 669 1193 interposuerunt
684 1111 773 1172 Bell.
787 1110 885 1172 Boett.
902 1112 1020 1173 Waltlt.
1037 1114 1110 1174 Ritt.
1128 1115 1217 1175 Bach.
1253 1116 1255 1121 ’

130 1231 177 1248 -·-
199 1197 245 1256 De
261 1193 393 1255 clientela
415 1194 462 1255 vd.
484 1215 528 1274 cp.
550 1199 576 1253 7.
598 1198 646 1254 36.
665 1197 715 1255 41.
736 1195 952 1254 ‘Necessitudo
975 1187 1055 1254 inter
1073 1190 1219 1276 patronos¹

135 1289 168 1338 et
189 1277 320 1353 clientes,
341 1277 362 1339 i.
381 1296 407 1349 e.
427 1274 566 1357 patricios
588 1276 617 1335 et
635 1274 780 1357 plebeios,
803 1275 903 1355 primis
927 1274 970 1336 rei
986 1275 1119 1357 publicae
1139 1289 1215 1339 tem·

133 1357 259 1439 poribus
274 1359 309 1417 ad
324 1357 402 1418 cives
422 1368 535 1429 tantum
553 1348 725 1437 pertinebat.
764 1357 810 1415 Ex
831 1377 891 1437 quo
912 1368 1008 1416 antem
1025 1357 1217 1437 patriciorum

88 1513 94 1523 Ι
135 1449 167 1500 et
188 1433 281 1521 plebis
303 1438 367 1498 iura
389 1448 617 1517 sunbaequata,
639 1460 701 1497 non
720 1450 779 1496 tam
796 1449 955 1517 utrumque
977 1438 1111 1498 ordinem
1128 1460 1234 1520 qnam<

133 1517 255 1599 omnino
277 1518 410 1579 homines
432 1518 605 1579 humiliores
628 1531 660 1578 et
681 1517 833 1578 tenuiores
855 1519 1160 1599 curn'potentioribus
1183 1532 1215 1581 et

132 1602 291 1662 ditioribus
312 1600 481 1661 coniunxit:
512 1621 608 1679 neque
628 1599 707 1659 inter
734 1599 813 1659 cives
826 1597 933 1674 stetit,
965 1599 1019 1659 sed
1038 1601 1074 1659 ad
1094 1614 1213 1663 exteros

133 1680 252 1763 qnoque
281 1683 418 1742 translata
448 1684 511 1756 est,
548 1692 583 1740 nt
611 1701 673 1740 non
704 1680 801 1741 solnm
830 1668 1122 1777 singuli'homines,
1160 1682 1214 1743 sed

131 1765 289 1825 universae
309 1765 394 1824 etiam
416 1762 559 1836 civitates,
580 1761 766 1843 provinciae,
789 1760 973 1829 coloniae'et
992 1768 1083 1843 'regna
1103 1763 1135 1822 in
1156 1763 1214 1823 cli-

133 1846 230 1906 entela
245 1845 302 1905 riri
322 1844 443 1905 alicuius
465 1842 629 1916 clarissimi,
648 1843 745 1924 praeci
767 1838 803 1904 u‘e
821 1842 1006 1927 imperatoris
1030 1841 1141 1920 essent,
1162 1843 1214 1924 qni

131 1914 212 1999 liello
233 1926 345 1987 devicta
368 1927 400 1985 in
422 1926 510 1985 fidem
531 1925 726 2007 recepisset(
754 1925 789 1984 ic
812 1924 847 1984 de
870 1924 930 1985 Oll'.
953 1926 976 2000 1,
998 1924 1073 2004 11.),
1093 1938 1213 2006 postea·

24 2006 28 2011 ’
133 2018 192 2089 que
213 2009 275 2068 eins
296 2008 429 2081 familiae,
451 2029 539 2088 aqua
560 2027 662 2067 causae
682 2008 785 2069 eorum
805 2005 954 2066 insenatu
975 2017 1003 2065 et
1023 2007 1099 2086 apud
1114 2020 1213 2087 p'opn-
1328 2065 1338 2074 ,

133 2091 195 2150 lum
212 2103 377 2172 agerentur.
414 2088 464 2148 Sic
485 2088 626 2147 Afrorum
646 2088 763 2168 patroni
781 2084 1091 2166 luerunt'Scipiones,
1113 2090 1212 2148 Mace-

134 2170 246 2230 donum
261 2171 378 2230 Aemilii
395 2167 498 2241 Paulli,
519 2168 687 2230 Siculorum
708 2166 839 2228 Marcelli
859 2179 889 2226 et
909 2164 1088 2249 Cicerones,
1107 2169 1212 2229 Bono-

57 2297 63 2331 .
133 2251 282 2312 niensium
300 2251 440 2326 Antonii,
470 2249 651 2347 Cypriorum
674 2248 758 2309 Cato.
794 2248 841 2309 Cf.
861 2251 945 2308 Fuss.
975 2247 1095 2329 Antiqq.
1123 2252 1218 2324 Ilorn.¹

134 2332 162 2415 ξ.
186 2336 239 2394 62.Ι
269 2333 408 2415 Heusing.
429 2343 459 2392 et
477 2334 574 2392 Beier.
588 2332 631 2407 ¹ad
657 2326 718 2392 Cic.
741 2329 828 2392 offic.
850 2331 873 2403 l,
896 2333 942 2389 11.
981 2327 1064 2389 Cort.
1093 2332 1128 2391 ad
1149 2329 1211 2391 Cic.

133 2398 258 2497 lippad
273 2417 378 2473 Famm.
393 2416 459 2488 XV,
474 2417 506 2489 4,
521 2417 569 2474 40.
590 2412 715 2473 Beneck.
736 2412 773 2471 ad
793 2409 854 2471 Cic.
875 2408 960 2472 Catil.
978 2410 1108 2489 tV,11.‘
1130 2413 1210 2474 Her-

131 2494 396 2636 idig'lladiraflull
421 2492 506 2635 fptil.
517 2516 580 2636 (ppt
582 2498 642 2634 ῑ11.
668 2490 757 2634 11ὶὲξο
769 2492 808 2634 ad
831 2493 899 2552 Tac
921 2491 1001 2588 Ann.
1024 2493 1073 2570 lll,
1095 2496 1144 2554 55.
1175 2494 1210 2554 E.

160 2598 195 2636 oe
219 2598 272 2637 ner
307 2597 485 2636 ecrenea.
595 2597 653 2658 mg.
739 2618 767 2633 ..
810 2617 817 2631 .

214 2676 318 2756 quibus
337 2678 385 2732 olm
405 2671 574 2815 suffecerip'p
611 2670 705 2732 Codd.
725 2670 811 2730 Fam.
832 2668 942 2729 Vaticc.
961 2667 1076 2728 Dronk.
1096 2666 1210 2731 'Osann

108 2755 227 2817 -Orell
255 2756 343 2815 Barla.
368 2753 520 2834 sufficeres
574 2753 642 2813 odd.
669 2753 738 2812 Par.
764 2751 849 2810 Vind.
873 2761 942 2810 cett.
962 2751 1036 2833 Edd.
1071 2750 1211 2811 Eiusdem

132 2849 297 2913 structurae
320 2836 484 2916 exemplum
511 2835 602 2895 ollert
629 2833 734 2910 Quint.
762 2832 801 2906 X,
827 2837 854 2905 1,
884 2837 932 2892 98.
975 2832 1074 2891 Ovidii
1100 2832 1226 2892 Medea

133 2919 246 2983 uidetur
266 2920 340 2977 milri
357 2919 527 2993 ostendere,
553 2926 693 2995 quantum
716 2916 764 2973 ille
787 2917 831 2973 vir
847 2923 1005 2993 praestare
1022 2916 1164 2993 potuerit,
1184 2915 1213 2973 si

131 3003 245 3075 ingenio
265 3021 318 3060 suo
339 3004 460 3080 operari
477 3020 566 3078 quam
594 2998 745 3073 indulgere
764 2997 926 3055 maluisset.
976 2993 1074 3052 Verba
1097 2994 1210 3055 Graece

132 3081 174 3142 sic
194 3081 403 3163 interpretatus
425 3091 471 3140 est
497 3082 533 3138 V.
550 3080 594 3151 1).
609 3078 640 3152 in
659 3077 739 3138 Diae.
761 3074 825 3153 Hal.
847 3078 932 3134 1833.
953 3074 1034 3154 Sept.
1058 3096 1103 3133 nr.
1125 3081 1209 3136 167.:

130 3166 206 3240 μόλις
224 3165 257 3222 oia
275 3167 416 3240 ἀρκέσαις,
446 3171 470 3222 el
488 3164 526 3235 μή
547 3167 604 3220 νέον
623 3161 714 3234 σαυτῷ
726 3164 835 3237 πρᾶγμα
854 3163 999 3228 ὲπέθηκας.
1035 3155 1138 3214 March.
1156 3157 1210 3216 Gr.
1299 3216 1302 3221 ,
1408 3191 1415 3205 ·

132 3245 186 3305 Gr.
207 3242 234 3326 ᾖ.
256 3252 325 3303 508.
347 3265 370 3303 c.
390 3254 453 3302 not.
478 3248 503 3302 1.
526 3240 554 3322 ξ.
575 3244 644 3303 524.
664 3250 725 3298 not
748 3245 776 3296 2.
1125 3269 1130 3277 ι

223 3337 369 3406 negotium
396 3326 615 3409 importasses]
640 3323 814 3404 Exemplum
847 3321 936 3381 huius
966 3317 1126 3380 locutionis
1141 3338 1212 3403 ⁴pro

67 3478 72 3483 ,
131 3413 237 3473 usitata
259 3415 405 3485 negotium
426 3410 484 3468 siti
510 3413 662 3489 imponere,
683 3405 731 3466 vel
752 3407 902 3478 iniungere
932 3402 1008 3484 apud
1028 3399 1116 3462 alium
1137 3401 1211 3462 scri-

130 3492 246 3575 ptorem
267 3492 316 3550 rix
337 3491 508 3573 reperiatur.
827 3537 829 3540 ,

215 3572 398 3654 Domitium]
420 3568 578 3632 Neultirch.
599 3569 635 3629 de
656 3567 744 3628 l'abul.
765 3576 856 3649 togat
877 3568 964 3633 Rom.
983 3586 1012 3645 p.
1030 3561 1211 3639 nasonis

132 3657 297 3719 Domitium
308 3666 337 3714 et
348 3677 392 3734 cp.
404 3657 449 3713 11.
469 3652 617 3714 Neronem
629 3651 749 3710 eandem
761 3646 885 3708 fabulam
897 3659 927 3706 et
938 3644 1106 3725 inscriptam
1119 3644 1211 3724 fuisse
1291 3650 1294 3655 ’

132 3736 490 3808 Domitr’um.Neronem,
517 3753 607 3813 quum
630 3732 712 3791 Nero
740 3734 902 3811 lmperator
931 3748 947 3787 e
975 3739 1064 3809 gente
1082 3727 1213 3786 Domitia

132 3819 274 3879 oriundus
291 3817 392 3877 suerit.
433 3816 506 3874 Nam
528 3812 555 3875 si
569 3813 650 3874 Nero
671 3811 768 3872 sabula
783 3810 898 3871 diversa
915 3807 1049 3868 luisseta
1070 3807 1213 3884 Domitio,

103 3941 109 3953 .
131 3901 231 3982 priore
249 3899 317 3959 loco
338 3920 401 3958 non
427 3907 541 3956 tantum
560 3895 723 3954 Domitium
745 3904 775 3952 et
796 3890 937 3952 Catonem
958 3900 1140 3949 enumeratas
1155 3910 1211 3959 re·

151 3981 303 4041 eriremus.
341 3977 561 4040 Assentientem
582 3975 639 4036 sibi
659 3972 762 4034 babuit
779 3969 927 4034 Eclrslein.
942 3972 973 4031 in
988 3969 1125 4052 Prolegg.
1139 3990 1167 4049 p.
1182 3976 1212 4030 8.

131 4004 309 4143 l'eerlkamp.
331 4074 435 4122 contra
456 4059 487 4118 in
507 4056 583 4118 Bibl.
610 4056 676 4116 crit.
696 4076 765 4115 nor.
785 4055 854 4114 Vol.
876 4057 911 4111 V.
933 4054 965 4114 P.
989 4057 1014 4111 1.
1034 4074 1063 4131 p.
1090 4057 1148 4110 116
1168 4073 1212 4130 sq.

51 4198 55 4207 ,
130 4144 268 4215 etBach.
290 4144 327 4205 ad
346 4164 391 4224 cp.
415 4144 461 4203 11.
502 4140 669 4218 Domitiam
695 4147 777 4199 recte
799 4135 947 4217 accipiunt
966 4131 1002 4192 de
1022 4132 1060 4217 1.
1076 4129 1213 4215 Ι1101131111)
